2034 3230
827 211 883 218 —
941 197 1023 228 xxx
1081 208 1138 215 —
1189 251 1194 254 .

740 313 781 355 q.
833 314 874 357 p.
894 299 920 343 8
951 300 1022 352 (=-
1042 298 1125 355 frg.
1148 300 1230 350 16).

936 365 1005 400 mg.

838 409 1081 459 ΓΡΑΦΕΙΙΝ

591 480 717 523 ΛΟΥ
834 478 1179 522 ΡΟΝΤΗΟΑΙω

594 548 670 591 εΝ
824 545 1194 590 ΤΟΛΕΙΛΝΑΙΟ

594 614 680 663 Φω
827 613 1166 658 ΗΤΤΟΝΕΙΝΙο

549 694 567 726 5
819 683 863 726 Τ
1006 680 1174 779 ΔΟΙΚΕΙ

260 811 380 855 Haec
410 811 514 867 quin
551 809 607 853 ad
646 808 800 853 aliud
838 806 1080 852 eiusdem
1120 805 1338 858 Indicis
1378 805 1683 861 exemplum
1723 817 1818 860 per-

145 881 311 924 tineant
338 878 586 922 addubitari
615 877 814 933 nequit.¹)
874 879 918 919 et
946 875 1131 932 primum
1162 874 1337 930 quidem
1367 874 1540 917 frustuli
1570 887 1614 915 m
1653 876 1819 929 partem

146 947 362 992 sinistram
399 959 495 990 cum
534 946 764 989 voluminis
793 945 828 988 P
866 945 946 988 col.
983 947 1138 998 quarta
1174 944 1262 986 ima
1292 945 1350 999 (p.
1372 945 1427 986 46
1443 945 1520 998 sq.)
1550 942 1681 998 plane
1720 954 1819 985 con-

147 1027 314 1071 gruere,
344 1013 390 1057 id
411 1013 524 1070 quod
546 1013 724 1057 Crbnert
744 1012 864 1067 vidit,
895 1012 1066 1055 litterae
1086 1011 1296 1067 repetitae
1322 1015 1453 1067 atque
1473 1009 1574 1054 inde
1594 1010 1820 1066 suppletae

147 1083 366 1127 evincent:
411 1082 556 1137 agitur
585 1080 639 1125 de
669 1081 899 1125 Polemone
932 1080 1111 1137 eiusque
1139 1084 1264 1136 patre
1299 1080 1373 1136 qui
1403 1078 1537 1122 fertur
1564 1078 1700 1122 fuisse

971 1165 1060 1191 των
1091 1164 1217 1204 πρω-

691 1216 810 1260 Των
842 1219 1076 1274 αθηναιων
1108 1217 1202 1260 ελε-

693 1284 858 1328 ΓΕΤΟ
890 1285 931 1326 Δ
963 1284 1098 1328 Ειναι
1127 1300 1217 1327 των
1248 1300 1326 1328 επι

692 1352 831 1396 ΤΙΝΑ
864 1353 1058 1409 ΧΙῗφνον
1078 1369 1275 1408 αρματο-

691 1417 1078 1478 ΤΡΟΦΗῼαντων
1110 1436 1231 1465 ιστο-

694 1489 879 1533 ΡΕΙΤΑΙ
911 1491 976 1547 ‚Ae
1005 1506 1080 1533 και
1111 1505 1256 1533 νεανι-

695 1557 812 1612 xmo
845 1558 1104 1602 Ακολαστοσ
1129 1570 1218 1614 eqs.

150 1641 229 1685 sub
259 1640 404 1684 oeulos
439 1638 600 1683 cadunt
639 1639 733 1683 seni
762 1638 862 1682 deni
891 1639 1228 1694 uniuscuiusque
1257 1650 1406 1681 versus
1445 1637 1530 1680 loci
1560 1639 1636 1679 aut
1669 1636 1823 1679 litteris

151 1707 356 1753 destinati
385 1712 460 1751 aut
479 1707 631 1763 spatiis
661 1710 762 1750 ante
782 1720 917 1751 novas
946 1705 1144 1763 periodos
1167 1706 1416 1760 interiectis,
1447 1717 1559 1761 quae
1581 1704 1823 1748 constantia

152 1777 281 1820 simul
309 1789 406 1820 cum
434 1775 571 1819 forma
602 1776 839 1836 litterarum
868 1775 1047 1832 pulchre
1077 1778 1374 1829 exaratarum,
1407 1774 1528 1817 cuius
1548 1773 1766 1829 specimen
1796 1786 1824 1815 a

154 1843 577 1900 Orcnerto'aooep12)‚
600 1848 852 1899 argumento
868 1847 932 1888 est
947 1843 1080 1887 fuisse
1096 1843 1289 1886 libellum
1305 1841 1423 1885 haud
1436 1840 1664 1885 mediocris
1680 1846 1822 1884 notae.

265 1915 453 1956 ceterum
472 1925 624 1956 revera
651 1912 822 1956 frustuli
851 1913 989 1955 locum
1019 1913 1064 1955 in
1085 1912 1257 1955 sinistro
1279 1910 1504 1954 columnae
1523 1910 1661 1953 latere
1689 1908 1822 1952 fuisse

152 1993 177 2024 e
196 1992 346 2024 norma
364 1992 561 2024 versuum
583 1993 612 2023 a
630 1980 810 2037 syllabis
830 1980 971 2037 plenis
991 1980 1160 2023 initium
1181 1979 1443 2036 capientium
1462 1990 1546 2032 Τω,
1572 1989 1642 2030 re,
1666 1988 1710 2021 Τι
1732 1989 1821 2032 eqs.

152 2048 380 2104 colligitur.
445 2048 546 2092 binc
591 2049 724 2104 igitur
765 2049 811 2092 in
854 2049 1093 2093 litterarum
1139 2047 1360 2092 ordinibus
1404 2044 1682 2103 disponendis
1725 2058 1820 2101 pro·

150 2117 287 2162 fectus
315 2130 421 2162 sum.
479 2130 564 2172 quo
592 2120 736 2161 tamen
767 2116 921 2161 dextra
949 2117 1180 2173 fragmenti
1208 2115 1424 2173 particula
1452 2115 1518 2158 illi
1547 2114 1822 2170 adglutinata

150 2189 325 2243 spectet,
353 2184 399 2229 id
428 2198 514 2228 non
540 2184 766 2241 adsequor.
807 2190 922 2230 certe
952 2184 1195 2241 Ἀθην)ατόν
1223 2187 1338 2237 τιν(α
1368 2183 1538 2227 etiamsi
1558 2182 1687 2238 plene
1708 2186 1822 2226 essct

149 2252 374 2309 traditum,
405 2253 513 2296 nihil
542 2253 722 2298 iuvaret.

263 2387 299 2423 q.
335 2376 425 2413 duas
448 2377 616 2423 suspicor
638 2377 788 2414 subesse
812 2379 1118 2425 comparationes:
1154 2390 1271 2425 ηττον
1300 2373 1411 2418 sivan
1436 2400 1558 2411 .....
1562 2377 1573 2416 )
1604 2375 1725 2415 δοκεῖ,
1761 2372 1820 2408 cui

120 2468 124 2470 ,
149 2433 344 2478 praecedat
366 2446 458 2479 -ρον
480 2436 547 2480 τῆς
568 2430 760 2490 οἷχω(γῆςῗ
781 2436 865 2478 (hoc
890 2435 971 2478 Cn).
1011 2438 1157 2474 λειᾶναι
1180 2434 1267 2470 mihi
1291 2444 1365 2469 non
1389 2432 1512 2478 liquet.

267 2500 299 2541 1)
322 2497 488 2544 Compar.
505 2499 626 2535 Relaz.
643 2511 677 2546 p.
696 2502 780 2536 153:
818 2500 847 2536 il
867 2510 1018 2537 numero
1041 2499 1135 2536 delle
1158 2509 1271 2547 opere
1292 2498 1408 2534 n‘esoe
1430 2495 1545 2532 anche
1562 2495 1633 2543 pini
1655 2494 1819 2530 n‘stretto

149 2554 211 2599 pel
234 2554 337 2600 salto
368 2555 534 2591 notevole
563 2556 609 2591 ed
636 2557 876 2602 importante,
909 2556 975 2594 che
997 2557 1026 2593 il
1047 2557 1153 2604 prof.
1184 2556 1362 2602 Gomperz
1391 2553 1439 2589 lea
1461 2552 1492 2588 il
1513 2552 1642 2588 merito
1672 2551 1711 2587 di
1733 2561 1820 2587 aver

149 2610 325 2647 οπο-τίω
342 2621 417 2658 per·
431 2610 569 2658 primo,
599 2611 666 2648 che
688 2613 767 2649 σιόὸ
788 2612 982 2660 parecchie
1012 2624 1123 2660 opere
1146 2612 1186 2647 in
1209 2615 1337 2659 questa
1360 2610 1523 2646 raccolta
1555 2608 1755 2645 esistevano
1780 2607 1817 2642 in

148 2667 216 2716 pisa
240 2665 331 2702 d'nm
356 2668 567 2714 atemptare.
616 2669 664 2704 cf.
690 2679 744 2705 ex.
768 2680 819 2715 gr.
844 2670 955 2706 zfoo.
984 2672 1083 2714 1866,
1105 2680 1141 2715 p.
1159 2671 1236 2704 691.

263 2748 297 2789 ²)
318 2745 387 2790 ἴτε-
408 2756 432 2792 q
481 2735 744 2814 Γΐλῷειῠ

480 2826 767 2873 ΡΟΝΤΗΕᾸ.

480 2905 807 2951 ΤΟΛεῐᾸΝλι

494 2977 524 3018 Η
