2034 3230
839 200 895 206 ·-—
953 186 1070 216 XXIX
1130 197 1185 203 —

172 293 215 332 ct
235 287 481 333 Heraclidis
511 287 702 332 discessu
732 287 984 342 referuntur,
1016 288 1114 344 ipsa
1142 299 1312 343 quoque
1343 299 1367 329 e
1387 285 1638 329 Philochoro
1667 284 1843 329 fluxisse

171 357 333 413 opinor.
392 355 568 400 dubium
601 356 789 413 quidem,
821 357 963 400 sintne
995 370 1050 400 ex
1079 354 1230 399 eodem
1261 354 1514 411 deprompta
1543 367 1656 410 quae
1686 353 1768 397 VII
1792 357 1843 396 10

170 428 406 480 sequuntur
435 429 477 469 οἱ
507 425 553 468 ‹5’
583 427 628 468 ἐν
659 425 918 480 Ἀκαδημείαι
949 428 1206 479 λέγονται
1236 429 1341 476 κτλ,
1373 426 1524 465 attam
1550 425 1667 465 arcte
1687 434 1845 465 causae

170 493 332 538 mentio
361 506 436 537 cur
455 492 720 537 Academiae
754 495 870 537 cives
901 493 1138 537 Xenocrati
1167 493 1330 549 primas
1360 490 1592 534 detulerint
1620 491 1843 543 (ἀγασθὲν-

169 578 239 614 τες
267 561 406 605 αὐτοῦ
434 560 514 617 τὴν
535 560 844 617 σωφροσύνην)
875 575 970 606 cum
1000 561 1221 615 suffragiis
1250 559 1460 603 enarratis
1491 558 1845 613 (ψηφοφορήσαν-

170 647 239 682 τες
268 628 386 683 ὅστις
412 629 559 674 αὐτῶν
588 626 802 684 ἡγήσεται)
832 630 1062 673 cohaerere
1082 628 1264 681 videtur,
1294 631 1341 670 ut
1361 627 1607 669 continuam
1630 628 1845 683 epitomen

171 711 308 754 usque
328 698 385 741 ad
408 698 490 741 VII
515 701 578 752 17,
611 697 686 740 ubi
708 697 788 741 has
810 711 880 741 res
901 698 1061 752 legatio
1092 695 1147 739 ad
1168 695 1440 751 Antipatrum
1473 695 1603 738 missa
1622 695 1845 750 repentino

171 766 354 810 nansitu
374 769 402 815 ¹)
436 766 610 822 excipit,
640 766 804 821 porrigi
834 765 1008 809 credere
1037 764 1198 808 malim.

285 833 447 878 accedo
476 832 531 876 ad
562 833 983 887 Dicaearchum,
1026 834 1148 876 cuius
1188 844 1341 874 nomen
1372 844 1467 874 cum
1498 830 1752 874 Philochoro
1782 845 1846 875 er-

171 901 281 945 roris
322 901 468 945 nescio
508 901 630 944 ouius
670 902 716 944 in
746 900 934 945 Atthidis
967 901 1077 944 libro
1107 904 1229 944 sexto
1259 899 1472 943 commissi
1511 902 1717 951 coarguto
1747 912 1844 943 con-

171 969 367 1012 iunctum
398 973 618 1024 comparet
647 970 725 1012 col.
745 969 790 1012 II
811 971 895 1023 52),
927 982 1074 1013 verum
1105 967 1210 1025 quid
1239 967 1391 1011 eadem
1422 966 1475 1010 de
1505 981 1551 1010 re
1573 967 1666 1023 ipse
1687 966 1847 1011 dixerit

171 1049 259 1080 non
288 1036 428 1091 magis
457 1038 740 1093 perspicuum.
790 1051 844 1081 ex
875 1038 1034 1094 triplici
1064 1036 1181 1093 apud
1206 1036 1426 1080 Laertium
1446 1047 1587 1078 rerum
1618 1034 1675 1078 ad
1704 1035 1847 1078 Plato-

172 1105 241 1148 nis
267 1105 403 1148 vitam
440 1105 743 1161 pertinentium
780 1106 997 1150 mentione
1031 1107 1160 1160 (frgg.
1192 1108 1258 1147 24.
1288 1106 1355 1147 25.
1385 1106 1439 1146 26
1469 1103 1601 1154 Mun.)
1644 1104 1763 1147 locus
1794 1103 1847 1147 de

173 1172 430 1230 philosopho
462 1173 626 1217 athleta
657 1174 842 1230 (reliqua
861 1175 1108 1218 testimonia
1137 1187 1205 1229 ap.
1226 1172 1368 1216 Zeller
1387 1172 1431 1214 H
1456 1175 1513 1227 1⁴¹,
1536 1172 1659 1225 3942)
1691 1185 1847 1215 memo-

172 1240 347 1296 rabili83
393 1243 648 1296 Δικαίαρχος
693 1244 740 1286 ἐν
776 1241 938 1299 πρώτῳ
983 1247 1078 1297 περὶ
1116 1247 1240 1294 βίων,
1284 1240 1360 1283 ubi
1397 1253 1497 1283 num
1543 1244 1658 1283 recte
1693 1240 1848 1284 Muller

173 1323 215 1365 p.
246 1311 328 1352 227
374 1308 631 1363 φιλοσόφων
677 1311 962 1367 supplendum
1007 1323 1102 1354 esse
1139 1313 1332 1363 censeat,
1379 1309 1576 1364 quamvis
1618 1307 1847 1351 admodum

174 1377 351 1421 dubium
371 1378 439 1433 sit,
472 1378 651 1422 concedi
680 1383 826 1422 tamen
855 1379 1013 1435 poterit
1043 1379 1183 1434 operis
1204 1377 1310 1420 duos
1331 1377 1553 1420 minimum
1583 1376 1715 1419 libros
1736 1390 1847 1419 com-

172 1445 293 1502 plexi
336 1449 503 1502 partem
548 1447 732 1503 priorem
778 1451 949 1503 praeter
990 1446 1162 1502 Septem
1202 1445 1431 1500 Sapientes
1475 1448 1517 1487 et
1554 1445 1846 1500 Pythagoram

173 1514 304 1558 etiam
336 1514 559 1558 Platonem
591 1515 865 1559 continuisse.
924 1516 1011 1559 iam
1042 1514 1187 1558 confer
1217 1515 1296 1557 col.
1327 1511 1365 1554 V
1388 1517 1685 1568 argumentum
1720 1513 1848 1556 simul

173 1596 269 1627 cum
291 1582 467 1627 exordio
498 1583 668 1626 mutilo:
699 1583 1023 1627 Aristotelis
1053 1587 1096 1626 et
1124 1581 1461 1626 Xenocratis
1490 1580 1608 1636 apud
1628 1581 1847 1624 Hermiam

172 1651 404 1707 hospitium
435 1652 498 1694 ita
527 1651 767 1707 exponitur,
799 1656 846 1694 ut
875 1652 1004 1694 trium
1033 1652 1217 1694 virorum
1249 1650 1547 1693 commercium
1578 1653 1678 1693 ante
1703 1650 1848 1693 oculos

173 1719 338 1763 habeas
383 1720 533 1775 reique
570 1718 759 1763 dilucide
797 1720 1105 1776 exprimendae
1148 1718 1361 1762 lenocinio
1403 1718 1591 1761 tenearis
1603 1719 1649 1769 ³).
1709 1718 1848 1762 cuius-

175 1786 291 1830 modi
321 1788 559 1831 narrationi
591 1788 666 1843 qui
703 1802 741 1831 v.
775 1792 794 1831 1
836 1788 959 1831 testis
996 1788 1188 1844 locuples
1222 1786 1461 1841 adhibetur,
1501 1799 1596 1829 eum
1626 1799 1703 1842 pro
1734 1790 1848 1829 certo

174 1855 315 1899 habeo
336 1869 364 1899 a
383 1856 650 1912 philosophis
671 1856 759 1900 illis
778 1856 953 1912 propius
974 1856 1134 1900 afuisse
1159 1869 1287 1911 quam
1310 1855 1384 1911 qui
1405 1853 1586 1898 eandem
1606 1867 1695 1897 rem
1717 1854 1849 1897 multo

176 1923 334 1967 exilius
355 1937 612 1969 enarravere
626 1924 912 1979 Apollodorus
928 1923 1082 1967 Strabo
1102 1923 1337 1980 Dionysius
1359 1926 1415 1979 (p.
1430 1925 1515 1977 22),
1538 1922 1684 1966 nescio
1706 1926 1848 1965 autem

177 1992 246 2035 cui
275 1993 440 2035 auctori
469 1993 623 2036 melius
654 1994 884 2037 conveniat
913 2006 1042 2048 quam
1063 1992 1307 2036 Aristotelis
1336 1992 1474 2048 ipsius
1496 1990 1707 2047 discipulo
1739 1995 1847 2035 ἱστο-

175 2058 402 2119 ρικωτᾰτῳ
442 2060 548 2112 (Cic.
580 2060 638 2104 ad
667 2061 755 2105 Att.
785 2061 848 2105 VI
878 2064 932 2113 2).
990 2060 1069 2104 has
1108 2060 1240 2104 habui
1276 2073 1431 2103 causas
1476 2072 1552 2102 cur
1591 2059 1849 2103 Dicaearchi

179 2140 336 2172 nomen
370 2130 570 2185 supplere
600 2143 685 2173 non
714 2129 997 2173 dubitaverim
1009 2132 1057 2182 ⁴).

290 2195 345 2239 de
384 2197 644 2242 Dicaearchi
683 2198 927 2241 testimonio
966 2198 1046 2242 eol.
1075 2197 1142 2240 XI
1175 2199 1226 2240 18
1272 2195 1463 2239 adhibito
1502 2209 1645 2252 pauca
1681 2195 1775 2239 dixi
1810 2200 1849 2246 ξ.

177 2263 283 2308 VIII
302 2278 345 2321 p.
362 2264 465 2308 XX.
510 2269 557 2308 ut
585 2266 659 2309 ille
690 2266 752 2308 ita
782 2266 1103 2322 Hermippus
1134 2265 1214 2318 (XI
1236 2268 1277 2317 4)
1308 2269 1351 2308 et
1379 2264 1652 2308 Phaenias
1685 2265 1786 2317 (XII
1808 2268 1850 2316 2)

177 2331 230 2377 de
262 2332 541 2377 Chaerone
571 2333 816 2378 Pellenensi
846 2339 1036 2390 egerant,
1069 2347 1248 2390 quorum
1279 2333 1415 2376 altero
1447 2333 1528 2385 (XI
1553 2336 1600 2376 11
1620 2335 1731 2389 sqq.)
1762 2334 1848 2375 vic-

176 2401 309 2445 torias
340 2414 395 2445 ex
425 2414 559 2445 arena
587 2405 829 2458 reportatas
859 2401 1009 2446 sedulo
1040 2405 1318 2446 enumerante
1338 2401 1577 2444 Pausanias
1607 2405 1717 2444 teste
1747 2414 1849 2444 usus

295 2584 327 2624 1)
351 2581 478 2628 Gomp.
504 2580 564 2617 W.
582 2580 683 2617 stud.
709 2581 759 2617 lV
782 2592 818 2627 p.
840 2585 932 2617 109⁹.

295 2652 330 2694 2)
354 2649 437 2686 Una
460 2654 497 2686 et
520 2650 564 2686 de
581 2650 745 2686 clearchi
769 2650 946 2686 mentione
970 2652 1120 2696 propter
1136 2649 1307 2686 Italorum
1331 2649 1519 2686 lectionem
1538 2651 1740 2683 ΚΛΑΡΧΟΥ
1764 2660 1849 2695 pro-

179 2707 314 2754 pinqua
335 2711 456 2744 actum
481 2709 554 2753 est,
586 2711 623 2743 ct
645 2707 801 2743 vitarum
826 2708 1012 2752 scriptoris
1036 2707 1195 2743 Solensis
1220 2706 1406 2751 vestigium
1430 2716 1475 2742 ne
1498 2705 1535 2741 in
1560 2705 1746 2742 Arcesilao
1770 2706 1849 2752 qui-

180 2763 260 2800 dem
282 2763 407 2808 (FHG.
431 2763 467 2799 11
490 2766 570 2807 317)
592 2764 779 2800 invenitur.

294 2834 328 2875 3)
352 2832 473 2869 Locus
502 2832 699 2869 lacunosus
723 2833 757 2868 V
784 2836 825 2868 14
857 2831 1063 2869 memoriam
1092 2831 1178 2867 mihi
1207 2830 1331 2867 attulit
1360 2831 1539 2877 proverbii
1562 2830 1740 2869 tritissimi
1757 2827 1847 2877 ‘pri-

182 2898 276 2925 mum
298 2889 426 2934 vivere,
449 2889 531 2925 dein
554 2888 802 2935 philosophari
811 2885 833 2935 ',
866 2889 969 2925 cuins
994 2888 1164 2934 originem
1188 2898 1355 2933 graecam
1379 2887 1517 2924 frustra
1540 2887 1709 2934 quaesivi.

295 2959 330 2998 4)
352 2957 421 3000 [Cf.
445 2960 565 2994 tamen
588 2969 623 3003 p.
638 2956 751 2999 v111.]
