2034 3230
858 154 1112 207 —'v—

158 280 362 338 temporis
392 278 605 334 angustiis
635 279 878 335 compulsus
908 279 1116 322 nonnulla
1138 276 1432 322 tantummodo
1451 277 1708 334 tetigissem,
1741 278 1829 321 alia

158 349 206 393 in
245 347 377 392 dubio
419 347 710 404 reliquissem,
757 346 998 392 Guilelmus
1029 347 1166 392 Cron
1179 351 1279 402 ert,
1325 346 1426 390 dum
1463 345 1585 390 brevi
1625 350 1722 403 post
1761 359 1829 390 me

157 417 297 461 Musei
314 416 536 460 volumina
555 419 712 468 versat,
736 416 968 459 lectionum
989 430 1179 460 mearum
1198 415 1572 473 perlustrationem
1592 414 1703 458 ultro
1723 414 1829 458 mihi

158 484 314 529 obtulit
351 483 582 528 editionem
626 485 713 527 iam
753 485 995 541 apparanti.
1054 485 1174 528 cuius
1216 483 1431 528 officiosae
1475 483 1688 526 voluntati
1732 495 1828 526 cum

158 553 360 610 propriae
397 553 703 608 recognitionis
741 552 1043 609 supplementa
1082 551 1217 596 debeo
1255 565 1341 595 non
1379 564 1520 607 pauca
1558 564 1696 608 eaque
1734 564 1828 607 per-

157 633 288 676 quam
318 620 444 664 utilia
482 625 571 664 tum
601 620 762 676 gemini
791 621 1022 664 voluminis
1055 632 1231 663 numero
1265 622 1345 663 164
1375 619 1535 674 signati
1574 618 1687 675 quod
1716 618 1829 662 infra

157 692 417 733 tractaturus
446 702 540 732 sum
571 689 769 732 notitiam
799 689 1076 744 insperatam.

271 757 330 801 Π.
369 756 610 800 Voluminis
629 757 763 812 igitur
784 757 819 799 P
849 756 1036 812 speciem
1065 759 1338 812 praesentem
1366 755 1518 812 paucis
1539 754 1828 811 descripturus

158 829 291 882 atque
324 825 551 882 pristinam
586 823 730 881 quoad
767 823 859 867 fieri
895 827 1036 880 potest
1064 823 1396 867 adumbraturus
1431 823 1511 867 hoc
1540 837 1673 867 unum
1701 836 1828 880 prae·

157 893 280 937 mitto
309 906 395 937 non
413 906 498 936 uno
518 897 666 936 tenore
686 892 939 948 apographa
957 892 1127 947 N(eap.)
1150 891 1322 944 O(x0n.)
1353 892 1599 949 exemplum
1620 892 1827 946 comitari,

157 960 235 1006 sed
264 974 315 1005 eo
344 961 610 1018 potissimum
648 959 900 1016 impeditam
939 974 987 1004 se
1017 959 1241 1004 ostendere
1278 974 1386 1015 rem,
1428 960 1543 1016 quod
1578 961 1624 1003 in
1662 959 1828 1003 modico

157 1028 258 1073 libri
290 1028 455 1072 ambitu
492 1029 723 1072 memoriae
760 1032 968 1084 perpetuo
1002 1028 1092 1072 fere
1125 1030 1334 1073 variantis
1371 1029 1582 1086 triplicem
1619 1029 1689 1072 vel
1719 1028 1828 1072 adeo

158 1097 482 1155 quadruplicem
516 1098 726 1141 rationem
761 1097 894 1140 statui
929 1110 1105 1141 necesse
1141 1101 1224 1141 est:
1270 1111 1383 1154 quae
1419 1111 1503 1154 quo
1539 1097 1698 1141 clarius
1732 1097 1828 1140 illu-

157 1169 314 1220 cescat,
349 1165 602 1209 varietatem
632 1178 717 1208 uno
747 1169 976 1221 conspectu
1006 1166 1191 1221 positam
1220 1166 1405 1209 subicio:

157 1232 207 1277 Ι*
222 1236 252 1288 ¹)
272 1235 294 1278 I
310 1265 1049 1276 ..............................
1061 1233 1308 1277 XXXII
1323 1234 1519 1278 XXXVI
1541 1235 1583 1277 M
1595 1267 1784 1278 ..........
1795 1235 1827 1278 Ζ

819 1326 855 1369 Ρ

885 1417 926 1460 N

293 1474 1226 1553 ὴ--Ἦὸ--ψό
1556 1485 1830 1554 ι-Οι-λ

156 1578 241 1622 Per
268 1578 446 1633 triginta
475 1582 639 1634 septem
668 1578 801 1632 igitur
831 1579 1051 1622 columnas
1072 1578 1106 1621 P
1137 1577 1290 1621 adesse
1316 1579 1606 1634 perspicuum,
1639 1579 1684 1621 in
1705 1583 1827 1635 quat-

156 1650 253 1691 tuor
280 1646 443 1690 ultimis
463 1646 967 1701 (XXXIII—XXXVI)
998 1646 1238 1702 apographi
1258 1646 1392 1700 Angli
1422 1645 1668 1690 adiumento
1699 1647 1828 1691 desti-

157 1715 316 1758 tuimur
328 1716 375 1769 2),
406 1715 565 1758 utimur
585 1718 728 1758 autem
749 1715 971 1771 utriusque
993 1715 1180 1770 exempli
1201 1727 1283 1770 ope
1304 1713 1356 1765 (Ο
1378 1715 1640 1770 copiosioris,
1671 1715 1711 1757 N
1731 1729 1827 1771 par-

158 1783 300 1835 cioris)
348 1797 426 1839 per
469 1783 648 1837 triginta
692 1782 819 1827 duas:
869 1796 1025 1838 agmen
1072 1782 1278 1826 claudunt
1325 1782 1514 1838 paginae
1559 1782 1828 1827 Oxonienses

159 1849 299 1894 adhuc
327 1850 518 1895 ineditae
551 1850 788 1907 duodecim,
820 1865 1000 1908 quarum
1031 1851 1223 1894 recensio
1253 1851 1379 1894 unius
1408 1851 1649 1907 apographi
1669 1850 1828 1907 Hayte-

157 1919 271 1962 riani
299 1918 383 1962 fide
402 1919 552 1962 nititur
566 1921 612 1971 3).
657 1918 772 1963 unde
791 1918 838 1963 fit
856 1923 904 1963 ut
923 1923 998 1963 aut
1019 1919 1280 1976 apographis
1301 1918 1607 1963 dissidentibus
1628 1920 1828 1963 volumen

156 1987 298 2044 ipsum
329 1987 550 2031 consulere
580 1991 656 2031 aut
684 1987 764 2031 hoc
795 1986 970 2044 quidem
998 1992 1244 2044 praesente,
1283 1987 1359 2031 sed
1389 1991 1532 2031 tamen
1561 1987 1736 2042 legendi
1765 1988 1827 2032 fa-

157 2056 319 2099 cultate
354 2059 576 2112 perempta
616 2056 930 2100 alteriusutrius
974 2069 1119 2100 eorum
1157 2060 1302 2112 partes
1342 2056 1467 2112 sequi
1505 2069 1709 2111 cogamur
1753 2062 1828 2100 aut

156 2235 375 2272 adscendere
397 2238 452 2279 (ut
476 2235 509 2272 V
527 2238 558 2271 2.
576 2239 608 2279 3,
634 2235 685 2271 VI
710 2239 768 2280 42)
791 2238 855 2271 aut
878 2235 998 2272 delabi
1021 2236 1120 2278 (XVI
1148 2240 1180 2278 1)
1205 2239 1270 2272 aut
1294 2237 1446 2282 denique
1469 2237 1684 2283 asperitates
1708 2239 1826 2274 trans-

157 2292 256 2329 silire
278 2294 333 2335 (ut
349 2292 380 2328 V
398 2295 433 2337 6)
455 2295 604 2328 coactae
627 2292 718 2329 sint:
744 2292 813 2329 nisi
836 2292 932 2330 forte
955 2293 1087 2330 liturae
1110 2293 1248 2330 fuerint
1269 2293 1487 2331 correctioni
1508 2293 1740 2330 inservientes
1764 2293 1825 2338 (cf.

156 2349 210 2385 111
233 2352 277 2386 36
300 2350 338 2385 in
362 2349 417 2393 Ο).

273 2421 305 2462 1)
328 2417 502 2463 Paginam
534 2418 636 2454 cuius
666 2417 862 2455 frustulum
893 2419 931 2454 in
960 2418 1039 2464 ipso
1063 2418 1254 2456 voluminis
1286 2419 1433 2455 exordio
1469 2419 1588 2456 detexi
1617 2420 1827 2466 apographa

158 2474 338 2521 ignorant.

271 2545 306 2587 2)
329 2542 518 2579 Accedunt
541 2542 573 2578 si
596 2542 688 2578 tanti
712 2546 767 2579 est
789 2543 862 2580 loci
892 2543 954 2580 ubi
977 2543 1010 2580 N
1034 2544 1183 2580 alterius
1207 2544 1406 2590 apographi
1434 2544 1548 2580 vicem
1579 2544 1677 2580 brevi
1707 2542 1826 2589 spatio

157 2599 363 2637 intercedit:
389 2610 426 2645 p.
446 2602 500 2642 18,
518 2602 580 2644 2ος
606 2602 648 2636 25
662 2611 732 2646 sq.;
758 2603 818 2646 273
844 2603 899 2636 60.

272 2672 306 2713 3)
331 2668 383 2705 Cf.
408 2668 517 2705 index
540 2679 597 2714 ap.
623 2669 681 2705 W.
700 2669 814 2714 Scott,
838 2669 981 2714 Fragm.
1005 2669 1115 2707 Herc.
1139 2681 1175 2715 p.
1192 2673 1255 2706 32:

431 2727 515 2771 Ox„
539 2727 589 2762 44
608 2738 737 2774 paqes.

431 2783 540 2831 Nep„
565 2785 616 2820 36
632 2784 734 2828 cols„
762 2783 954 2829 published
975 2784 1013 2820 in
1040 2783 1128 2821 Coll.
1153 2784 1223 2821 Aet.
1249 2784 1280 2820 1.
1306 2787 1507 2821 162—197.

432 2841 505 2877 Not
529 2842 566 2877 in
591 2840 701 2888 Nap„
735 2841 805 2878 Ox.
829 2852 866 2888 p.
884 2842 904 2876 1
930 2846 967 2877 to
993 2843 1052 2886 12,
1084 2842 1150 2877 col.
1169 2841 1212 2877 M
1235 2846 1271 2878 lo
1299 2841 1339 2878 Z.

431 2898 526 2945 Nap.
550 2898 620 2934 col.
636 2900 657 2934 1
681 2902 719 2934 to
744 2900 796 2934 32
820 2915 862 2928 =
890 2898 960 2935 Ox.
985 2910 1021 2943 p.
1039 2900 1086 2934 13
1110 2903 1146 2935 to
1172 2900 1239 2944 44,
1276 2899 1344 2935 col.
1361 2900 1382 2934 1
1408 2903 1443 2935 to
1468 2900 1528 2934 32.

433 2954 527 3002 Nap.
553 2955 622 2991 cot.
642 2956 692 2991 33
716 2961 752 2991 to
779 2957 840 2999 36,
872 2963 936 2992 not
960 2956 999 2991 in
1025 2956 1096 2992 Ox.
