2034 3230
798 216 1114 247 -xm-

120 322 291 377 praeter
318 317 560 362 levidensia
589 317 804 375 quaedam
835 331 920 361 non
941 317 1089 361 dubito
1119 318 1223 374 quin
1243 316 1447 360 librarius
1477 329 1620 361 errore
1648 316 1793 360 statim

120 390 323 445 percepto
351 386 420 443 ⁷ad
450 388 640 444 exempli
674 386 882 444 propositi
919 385 1045 430 fidem
1081 386 1338 441 eorrexerit,
1377 385 1422 428 id
1459 384 1573 441 quod
1610 398 1662 429 eo
1696 385 1795 441 plus

120 454 239 500 valet
276 455 535 512 ubicumque
572 456 682 499 talia
724 454 883 498 oblitus
923 459 1033 509 erat,
1081 454 1232 511 qualia
1269 467 1324 497 ex
1362 454 1537 508 ingenio
1581 454 1794 497 neminem

121 523 323 580 supplere
350 525 543 580 potuisse
573 523 749 568 evidens
778 526 863 566 est:
902 523 1037 566 veluti
1067 522 1128 565 VI
1150 526 1175 565 4
1205 535 1361 565 nomen
1391 521 1627 565 Chaeronis
1656 521 1795 564 Pelle-

121 591 268 635 nensis
296 591 611 646 superadditur,
649 591 701 635 ef.
728 591 790 634 VI
814 593 877 633 12.
900 593 966 644 38,
997 590 1149 633 XXIV
1170 594 1209 633 4.
1270 589 1489 632 Nonnulla
1518 602 1587 631 me
1618 601 1703 631 non
1732 589 1795 631 in-

121 693 344 738 tellexisse
371 693 522 748 fateor,
562 695 608 737 in
638 694 705 738 his
734 661 877 738 August·
905 693 936 733 Z
958 695 1028 747 12,
1068 659 1355 745 nmmssoeuoc
1390 691 1427 731 Y
1444 694 1486 743 6,
1526 689 1796 733 Charmadae

122 774 279 806 nomen
305 763 539 819 repetitum
567 762 725 806 XXIII
755 764 795 804 8.
853 765 992 804 utrum
1033 765 1178 804 autem
1214 773 1368 803 manus
1405 773 1434 802 a
1462 758 1628 802 librarii
1666 772 1796 802 manu

124 828 299 874 diversa
328 831 516 874 muneris
546 829 826 875 emendatorii
863 829 1079 885 particeps
1113 828 1250 876 fuerit,
1270 841 1417 883 necne,
1458 828 1532 883 qui
1563 831 1628 870 est
1656 840 1797 870 rerum

123 901 275 954 status,
314 898 412 954 quis
441 897 701 942 contendere
730 896 877 941 ausit?

237 965 292 1011 de
321 965 625 1011 additamentis
661 967 708 1010 in
737 966 932 1021 margine
968 966 1060 1009 sive
1099 966 1212 1009 inter
1240 979 1390 1009 versus
1421 965 1585 1007 minute
1614 963 1796 1019 seriptis,

123 1038 238 1092 quae
265 1038 410 1079 tamen
439 1035 692 1092 plerumque
722 1034 892 1078 dubites
921 1038 1062 1077 utrum
1089 1034 1232 1078 verbis
1263 1033 1448 1077 auctoris
1477 1030 1712 1075 inserenda
1741 1044 1798 1074 an

122 1102 289 1147 scholia
317 1102 607 1147 existimanda
637 1104 735 1157 sint,
767 1116 847 1146 suo
878 1115 1049 1158 quoque
1077 1103 1172 1145 loco
1202 1101 1295 1145 dixi
1313 1103 1355 1153 ¹).

236 1169 334 1214 VII.
383 1171 475 1214 Iam
507 1170 565 1214 ad
595 1185 649 1214 ea
679 1170 935 1215 accedamus
965 1183 1078 1226 quae
1098 1170 1360 1227 apographis
1390 1169 1653 1222 eommunia,
1686 1181 1799 1224 quae

124 1238 348 1295 utriusque
391 1239 566 1295 propria
608 1252 702 1283 esse
745 1238 966 1282 videntur:
1012 1239 1163 1295 quanti
1204 1242 1348 1282 autem
1394 1237 1571 1281 editoris
1615 1236 1797 1290 intersit,

125 1320 211 1351 non
254 1306 380 1350 modo
424 1307 595 1363 qualem
639 1308 870 1351 voluminis
914 1307 1103 1363 speciem
1147 1307 1318 1362 utrique
1362 1305 1651 1349 delineatores
1698 1308 1799 1347 ante

125 1374 271 1419 oculos
300 1374 503 1418 habuisse
531 1374 714 1431 putandi
742 1376 830 1419 sint
858 1388 1118 1430 cognoscere
1146 1374 1224 1419 sed
1254 1375 1385 1418 etiam
1416 1387 1529 1430 quae
1557 1373 1665 1429 ipsis
1696 1371 1800 1415 fides

125 1441 347 1497 debeatur,
386 1456 441 1487 ex
479 1443 535 1486 iis
573 1445 849 1500 consequitur
889 1456 1002 1499 quae
1041 1456 1137 1499 cap.
1168 1443 1213 1486 II
1252 1442 1306 1486 de
1337 1446 1530 1486 contorta
1570 1441 1801 1484 memoriae

125 1511 294 1555 ratione
321 1512 588 1568 praemonui.
645 1510 857 1567 querebar
886 1511 948 1554 ibi
978 1511 1032 1554 de
1062 1510 1291 1554 deterrima
1323 1510 1498 1553 chartae
1528 1508 1798 1552 condicione:

125 1579 213 1623 iam
242 1578 356 1623 addo
394 1579 576 1623 eandem
606 1579 816 1623 eiusmodi
856 1583 899 1622 et
929 1592 1024 1623 esse
1054 1583 1097 1622 et
1127 1583 1294 1622 centum
1327 1578 1485 1621 abhinc
1515 1577 1641 1620 annis
1669 1576 1802 1620 fuisse

126 1646 278 1702 videri,
308 1651 356 1690 ut
385 1648 494 1691 vitia
525 1648 579 1691 ab
610 1648 765 1702 Anglis
795 1652 838 1690 et
867 1647 991 1690 Italis
1021 1648 1266 1701 commissa,
1306 1659 1419 1702 quae
1449 1647 1675 1689 innumera
1704 1649 1802 1688 sunt

127 1719 171 1759 et
199 1714 479 1760 diversissimi
510 1716 695 1770 generis,
727 1714 784 1758 ad
813 1729 944 1758 unum
976 1716 1122 1758 omnia
1152 1716 1232 1758 hoc
1252 1716 1346 1772 ipso
1376 1729 1431 1759 ex
1462 1714 1580 1758 sonte
1609 1717 1802 1769 repetere

129 1796 215 1826 non
252 1782 457 1841 dubitem.
517 1787 560 1826 et
597 1784 782 1839 primum
820 1782 993 1839 quidem
1033 1796 1101 1826 res
1139 1784 1201 1827 sic
1236 1797 1282 1827 se
1312 1783 1462 1835 habet,
1503 1787 1550 1825 ut
1580 1787 1655 1826 aut
1691 1782 1737 1825 in
1767 1782 1801 1824 P

129 1849 271 1895 adhue
300 1850 499 1895 mendum
531 1852 702 1906 legatur
741 1851 856 1908 qnod
884 1851 930 1894 in
960 1851 1227 1903 exemplaria
1255 1850 1426 1895 transiit
1439 1852 1486 1905 ²),
1526 1854 1602 1894 aut
1631 1850 1727 1892 vitii
1757 1849 1801 1892 in

129 1923 310 1976 utroque
329 1920 567 1976 exemplari
588 1920 847 1975 emergentis
867 1919 913 1962 in
934 1919 1152 1963 volumine
1173 1919 1346 1976 quidem
1368 1919 1468 1963 οὐδὲ
1488 1926 1570 1974 γρῦ
1591 1919 1800 1973 invenias,

128 1986 207 2032 sed
226 2000 400 2031 causam
430 2000 505 2031 cur
524 1987 591 2031 bis
609 1992 861 2044 peccaretur
879 1987 1013 2031 fuisse
1032 2001 1210 2032 necesse
1235 1988 1352 2041 sitss).
1410 2001 1550 2044 neque
1571 1987 1640 2030 hie
1661 2000 1801 2043 neque

129 2055 222 2099 illic
241 2055 441 2100 librarios
461 2055 697 2112 quidquam
718 2055 773 2099 de
794 2055 1022 2111 diligentia
1052 2056 1279 2112 reliquisse
1306 2060 1462 2100 statuo.
1513 2055 1629 2112 quod
1658 2060 1800 2099 autem

131 2136 226 2168 eam
256 2124 549 2181 quaestionem
588 2125 759 2179 attinet,
800 2125 973 2180 qualem
1012 2125 1250 2181 scripturae
1290 2125 1359 2168 vel
1389 2125 1567 2179 linguae
1606 2123 1801 2167 notitiam

130 2191 370 2247 habuerint,
402 2192 653 2237 Cronertum
684 2192 787 2236 audi
818 2191 1114 2237 adfirmantem
1130 2196 1183 2244 ⁴):
1210 2190 1316 2236 ‘Die
1335 2192 1505 2248 disegni
1523 2191 1627 2235 sind
1646 2191 1801 2234 durch-

247 2320 279 2360 1)
302 2317 362 2352 Ad
387 2319 511 2354 ΚΑΤΦ
536 2317 604 2352 XX
622 2320 643 2352 4
668 2316 714 2352 cf.
735 2316 867 2362 Oxyrh.
884 2325 968 2362 pap.
984 2317 1002 2352 1
1022 2328 1058 2362 p.
1077 2319 1120 2352 26
1146 2328 1226 2353 cum
1251 2319 1339 2353 nota
1361 2316 1539 2352 editorum
1563 2327 1598 2362 p.
1617 2319 1678 2358 3ος
1703 2315 1802 2351 simi-

131 2373 215 2411 liter
244 2373 283 2410 in
312 2373 505 2420 Hyperidis
530 2373 768 2419 Euxenippea
797 2372 950 2418 paginae
977 2374 1157 2410 XIXmae
1186 2384 1311 2410 versus
1341 2374 1471 2410 tertius
1504 2372 1658 2409 omissus
1690 2381 1803 2417 supra

119 2463 333 2502 *columnam
356 2464 512 2510 additur,
545 2464 764 2510 compendiis
788 2443 820 2502 οἵ
838 2467 875 2500 et
897 2442 951 2503 κοῖ
972 2463 1135 2500 adiectis.
1182 2464 1337 2501 fortasse
1361 2464 1468 2500 etiam
1491 2463 1525 2498 X
1543 2467 1585 2498 40
1613 2467 1667 2498 ΚΑ
1692 2473 1803 2508 supra

132 2530 272 2558 versum
296 2521 470 2567 seriptum
493 2522 547 2557 ita
570 2521 742 2567 supplere
765 2521 966 2567 oportebat.

246 2593 280 2633 2)
303 2588 371 2625 XV
389 2593 432 2626 45
455 2591 737 2632 ΔΙΑΝΤΑΙΟΑΙ,
762 2590 956 2634 requiritur
978 2599 1047 2624 vox
1070 2588 1164 2625 idem
1189 2589 1263 2624 fere
1287 2589 1407 2624 valens
1432 2588 1526 2634 quod
1552 2588 1668 2624 vicina
1692 2589 1802 2624 πολε-

132 2648 270 2693 μῆσαι,
298 2645 500 2682 emendavit
523 2645 667 2680 Wilam.

247 2717 282 2758 8)
304 2714 375 2751 V11
398 2717 442 2750 40
467 2715 701 2750 ΟΙΚΕΙΤΑΙΟ
725 2712 768 2755 0,
799 2739 830 2748 .,
846 2715 1027 2747 ΚΕΙΤΑΙΟ
1052 2712 1098 2755 Ν,
1128 2713 1190 2748 sed
1214 2715 1314 2748 recte
1339 2713 1365 2747 P
1391 2714 1616 2755 ΟΙΚΕΤΑΙΟ,
1646 2714 1688 2746 ut
1711 2711 1803 2746 fibra

134 2780 180 2807 ex
202 2774 406 2808 unusverso
432 2780 581 2806 currens
605 2769 728 2806 oculos
753 2769 940 2815 utriusque
964 2769 1193 2805 delineatoris
1218 2769 1402 2814 decepisse
1427 2769 1598 2804 videatur.
1646 2768 1692 2803 cf.
1711 2767 1764 2802 IX
1781 2770 1801 2803 8

135 2829 287 2870 ΑΙΚΑΙΡ,
325 2827 356 2864 0
372 2830 414 2863 25
441 2829 582 2864 ΚΑΙΤΑ.

242 2888 278 2929 4)
297 2884 344 2921 N.
356 2884 509 2921 Jahrbb.
520 2883 575 2919 111
586 2886 705 2926 (1900)
716 2894 750 2929 p.
766 2886 843 2919 589.
868 2882 914 2918 cf.
932 2883 1076 2927 Sauppe
1093 2882 1129 2917 in
1145 2882 1262 2918 indice
1278 2881 1392 2918 schol.
1406 2881 1528 2917 aestiv.
1543 2881 1800 2926 Gotting.1864

136 2950 174 2986 p.
197 2944 238 2977 4:
273 2939 457 2986 LHayter
487 2940 597 2985 igitur
633 2940 807 2976 nonnulla
843 2939 984 2975 acutius
1021 2937 1207 2982 cernebat,
1243 2938 1371 2979 multa,
1408 2940 1449 2973 ut
1478 2938 1653 2973 sermonis
1682 2938 1801 2982 graeci

138 2996 191 3034 nic
220 2998 308 3034 natis
338 2998 479 3043 peritus
510 2996 598 3042 fuit,
633 3000 697 3032 aut
727 2996 861 3032 rectius
892 2995 1034 3041 legebat
1063 2996 1143 3039 aut,
1175 2996 1216 3030 ut
1241 2993 1316 3030 fere
1346 2993 1403 3036 fit,
1435 2994 1625 3031 divinando
1656 2994 1802 3030 inventa
