2034 3230
771 192 1148 224 —xxm—

228 295 308 340 XI.
356 295 407 339 In
441 294 580 339 fontes
617 295 955 339 commentarioli
994 295 1261 352 sontiumque
1299 293 1426 338 fidem
1464 298 1508 339 et
1536 309 1660 340 usum
1689 295 1787 340 sub-

116 365 237 410 tilius
262 364 480 420 inquirere
516 376 603 408 11011
631 363 758 407 110100
796 364 880 407 loci
911 368 992 419 est,
1031 364 1165 407 multo
1195 365 1334 407 minus
1375 364 1420 406 111
1450 377 1545 407 eam
1574 364 1786 408 rationem

115 444 229 490 quae
256 428 376 476 inter⁷
398 444 496 476 eum
527 435 569 475 et
597 432 839 487 Diogenem
869 436 1120 487 ceterosque
1149 432 1498 488 philosophorum
1528 431 1787 489 biographos

114 499 355 545 intercedat
370 501 414 551 ¹).
462 513 517 544 ne
546 504 691 544 tamen
720 500 832 544 hanc
860 500 1127 557 provinciam
1157 501 1329 543 omnino
1349 500 1594 554 neglexisse
1624 500 1785 556 videar,

80 563 83 566 ⁴
114 581 169 614 ee
197 581 310 626 quae
339 569 550 623 gravioris
578 569 782 612 momenti
811 581 907 612 esse
935 567 1134 611 videntur
1161 569 1380 622 attingens
1409 568 1462 611 de
1483 569 1729 613 auctoribus
1759 583 1787 614 a

114 640 259 681 nostro
302 635 461 680 diserte
504 635 694 680 laudatis
739 637 810 680 vel
852 636 992 680 levius
1034 635 1290 691 significatis
1338 637 1519 692 carptim
1564 636 1784 682 disseram.

34 712 39 714 “
113 704 258 749 ordior
286 717 315 748 a
342 704 598 748 Platonis
627 705 717 748 vita
746 703 1007 757 enarranda,
1048 705 1118 747 cui
1147 717 1260 760 quae
1289 704 1526 759 praemittit
1555 704 1619 756 (X
1635 707 1691 759 5),
1729 707 1785 749 si-

12 761 46 830 J‘
113 771 287 830 quidem
316 772 554 816 Buecheler
593 776 636 815 et
672 785 755 827 ego
782 775 899 815 recte
928 771 1108 815 lacunas
1146 772 1452 828 supplevimus,
1493 772 1786 817 demonstrant

6 854 23 861 ’“
111 845 332 886 auctorem
362 839 500 884 libelli
537 840 647 883 nihil
676 839 898 896 antiquius
926 839 1128 883 habuisse
1158 853 1287 896 quam
1325 845 1373 883 ut
1408 853 1464 884 ex
1495 841 1622 884 unius
1651 842 1784 898 scrip·

110 910 216 954 toris
254 921 385 966 opere
414 908 469 951 iis
499 907 627 952 rebus
656 907 836 951 delectis
865 908 1107 961 (ἐπιτεμών)
1148 908 1403 965 quibuscum
1433 909 1615 952 aliorum
1651 910 1784 954 libros

110 976 372 1024 wnoordare
401 975 580 1020 vidisset
610 977 692 1028 (οἷς
723 972 848 1020 ἄλλοι
879 979 1105 1031 συνῇδον),
1151 977 1385 1032 imaginem
1414 976 1481 1031 (of.
1509 973 1783 1034 ὑπογραφάς)

108 1045 195 1092 fide
230 1058 360 1103 quam
400 1045 589 1088 maxime
628 1044 803 1100 dignam
843 1043 1077 1100 effingeret.
1136 1045 1327 1101 profecto
1363 1045 1479 1088 intra
1515 1050 1601 1090 tres
1630 1047 1784 1090 saltem

109 1115 331 1160 columnas
380 1112 430 1156 X
451 1111 496 1156 Y
508 1112 553 1156 Z
594 1113 847 1156 relationem
895 1113 1104 1157 habemus
1151 1112 1453 1169 procedentem
1504 1127 1646 1170 neque
1693 1114 1784 1158 ulla

108 1183 280 1228 testium
310 1182 527 1226 mentione
556 1182 849 1237 interruptam.
898 1176 1060 1225 testem'
1082 1182 1267 1225 auritum
1298 1182 1377 1225 col.
1398 1182 1464 1225 III
1486 1185 1539 1225 37
1569 1182 1781 1238 prodeun-

108 1255 196 1296 tem
234 1250 428 1295 videmus
469 1249 614 1293 nescio
653 1263 801 1305 quem,
850 1250 919 1293 cui
957 1250 1237 1307 aliquispiam
1282 1251 1403 1295 euius
1441 1263 1596 1294 nomen
1634 1251 1783 1295 charta

107 1332 194 1364 11011
221 1318 424 1373 servavit,
456 1317 511 1362 de
531 1317 742 1362 Chaldaei
773 1317 994 1362 cuiusdam
1024 1318 1212 1362 adventu
1242 1318 1382 1375 deque
1412 1319 1607 1363 Platonis
1636 1320 1782 1364 morbo

107 1401 177 1433 res
204 1387 386 1431 historia
416 1386 693 1441 dignissimas
721 1387 938 1430 rettulisse
966 1386 1113 1442 fertur,
1145 1400 1240 1431 meo
1261 1387 1434 1444 quidem
1463 1387 1626 1432 iudicio
1657 1389 1779 1432 Phi·

106 1457 291 1513 lippus
321 1454 535 1512 Opuntius
549 1456 596 1509 2),
642 1454 699 1497 ad
728 1467 856 1510 quem
894 1455 1054 1511 triplex
1085 1455 1294 1500 auditoris
1309 1458 1342 1508 3)
1384 1455 1553 1500 scribae
1566 1460 1598 1505 ⁴)
1645 1461 1780 1500 astro·

106 1525 197 1580 logi
206 1527 242 1578 5)
272 1522 516 1580 designatio
545 1522 743 1579 quadrat.
801 1522 970 1566 accedit
1000 1523 1115 1580 quod
1144 1523 1259 1567 idem
1281 1523 1418 1567 Suida
1437 1528 1546 1568 teste
1574 1526 1687 1569 inter
1707 1538 1781 1570 eos

107 1596 355 1636 numeratur
392 1591 468 1647 qui
498 1590 552 1634 de
582 1591 764 1634 Platone
794 1592 1076 1646 scripserunt,
1117 1593 1238 1636 cuius
1274 1593 1418 1636 vivam
1448 1606 1596 1637 vocem
1633 1606 1778 1650 perce·

106 1665 272 1717 perant.
327 1658 571 1703 sciebamus
610 1658 664 1702 de
702 1658 965 1703 Hermodoro
1000 1660 1076 1710 (VI
1107 1663 1132 1704 6
1170 1673 1267 1703 cum
1296 1660 1473 1716 reliquis
1509 1663 1778 1715 testimoniis)

105 1728 353 1773 Xenocrate
391 1727 635 1783 Speusippo
647 1730 681 1780 ⁶)
719 1728 992 1784 biographis,
1032 1728 1230 1772 Erastum
1273 1733 1316 1772 et
1350 1729 1652 1786 Asclepiadem
1689 1731 1777 1775 Me-

106 1796 378 1841 morabilium
417 1796 644 1852 scriptores
674 1796 750 1848 (VI
783 1798 834 1839 10
855 1799 964 1852 sqq.)
1004 1810 1059 1840 ex
1097 1797 1178 1840 hoc
1214 1801 1406 1853 tempore
1443 1799 1489 1841 in
1527 1799 1776 1843 societatem

107 1878 253 1910 eorum
291 1863 563 1908 adsumemus
601 1864 676 1920 qui
710 1864 894 1908 hominis
934 1863 1071 1908 divini
1109 1864 1394 1909 admiratione
1436 1866 1590 1910 imbuti
1633 1866 1777 1912 facere

107 1947 192 1977 non
220 1936 450 1990 potuerunt
486 1937 534 1975 ut
562 1933 707 1976 stilum
746 1931 804 1976 ad
834 1932 1030 1976 encomia
1059 1938 1301 1990 promptum
1331 1935 1670 1991 comprimerent.
1731 1940 1776 1980 at

30 1994 34 1995 ⁷
106 2001 271 2045 nullum
300 2001 347 2044 in
375 1999 518 2044 indice
548 2000 905 2057 deprehendimus
934 2013 1079 2044 eorum
1110 2001 1314 2045 librorum
1343 2003 1585 2058 vestigium.

219 2081 275 2113 ex
312 2081 456 2112 eorum
495 2082 670 2113 numero
707 2082 815 2125 quos
850 2069 903 2112 de
933 2069 1115 2113 Platone
1149 2070 1373 2127 aliquanto
1417 2076 1514 2128 post
1550 2073 1773 2128 scripsisse

105 2137 282 2182 aliunde
310 2150 482 2194 quoque
512 2141 697 2189 constat,
736 2137 952 2181 Neanth
965 2151 1019 2181 es
1048 2138 1114 2182 bis
1144 2138 1365 2182 laudatur:
1397 2140 1475 2183 col.
1500 2140 1654 2196 Vima‚
1687 2156 1775 2198 qua

104 2203 159 2249 de
186 2205 401 2250 mentione
438 2219 478 2247 v.
506 2219 548 2262 p.
580 2209 645 2260 15,
686 2210 729 2249 et
766 2206 809 2249 Π
841 2209 907 2250 36.
966 2206 1029 2249 1111
1060 2205 1114 2250 (10
1144 2208 1397 2262 cognomine
1431 2222 1564 2264 puero
1602 2215 1774 2267 propter

101 2273 253 2317 frontis
289 2273 615 2330 amplitudinem
654 2273 790 2318 indito
805 2278 834 2325 ⁷)
872 2275 994 2318 testis
1025 2273 1286 2331 producitur,
1328 2276 1392 2320 ita
1420 2280 1565 2321 tamen
1603 2281 1651 2321 ut
1678 2279 1772 2334 ipse

0 2456 16 2499 ᾗ·
219 2447 249 2488 1)
272 2443 392 2480 Verbo
415 2453 491 2480 rem
515 2443 631 2488 tetigit
653 2443 774 2489 Bergk
799 2444 861 2481 Gr.
876 2443 921 2480 L.
939 2445 981 2481 G.
1007 2445 1023 2480 1
1048 2456 1083 2490 p.
1104 2448 1168 2481 295
1183 2456 1248 2491 sq„
1271 2445 1380 2481 altius
1397 2445 1582 2482 descendit
1598 2446 1770 2483 Wilamo-

0 2506 38 2555 ἲ,
100 2500 182 2538 vits
206 2501 327 2546 Antig.
351 2511 413 2547 pp.
432 2503 476 2536 54
488 2510 576 2546 sqq„
609 2499 655 2536 cf.
679 2500 756 2537 Leo
781 2500 838 2537 die
861 2506 1023 2546 gin-rom.
1047 2502 1165 2547 Biogr.
1192 2513 1253 2548 pp.
1273 2505 1316 2538 56
1329 2513 1405 2548 sqq.

214 2571 248 2612 2)
272 2568 406 2605 Moneo
429 2572 568 2614 tamen,
600 2568 771 2614 siquidem
803 2568 924 2605 littera
953 2570 1082 2605 0010110
1113 2569 1151 2605 111
1175 2581 1207 2605 v.
1224 2572 1267 2605 36
1291 2570 1407 2615 prima
1430 2575 1528 2606 recte
1551 2570 1687 2606 tradita
1710 2571 1769 2616 sit,

0 2597 16 2610 ἢ
99 2635 167 2672 pro
184 2625 322 2671 legibus
346 2625 457 2661 verba
472 2624 661 2661 dirimendi
676 2634 787 2670 supra
804 2636 865 2671 pp.
882 2625 983 2662 VIII.
999 2626 1087 2661 XIX
1110 2626 1275 2663 indicatis
1299 2636 1429 2663 nomen
1444 2637 1550 2672 aegre
1575 2627 1768 2670 conlocari,

10 2689 22 2730 ᾗ
99 2691 215 2729 neque
238 2683 522 2728 ΟΠΟΥΝΤΙΙΟΟ
550 2680 636 2718 ferri
661 2691 767 2727 110000
791 2682 861 2718 nisi
885 2682 1039 2728 spatiolo
1062 2683 1216 2729 posthac
1239 2693 1364 2719 vacuo.

212 2741 249 2783 3)
272 2738 371 2776 Suid.
395 2749 423 2775 s.
451 2734 683 2785 Φιλόσοφος.

210 2798 246 2838 4)
270 2795 312 2832 L.
328 2795 436 2840 Diog.
461 2795 515 2831 ῙῙῙ
539 2798 595 2831 3Ί.

211 2855 245 2896 5)
268 2852 385 2888 zeuer
407 2852 445 2888 11
470 2853 506 2888 1⁴
530 2854 608 2888 991.

211 2912 247 2952 6)
268 2909 386 2945 Zeller
407 2910 456 2945 ib.
478 2911 556 2945 389.

212 2967 247 3009 1)
269 2963 381 3002 Fue.
404 2964 458 3000 111
482 2967 515 3008 ⁶,
538 2975 572 3000 n.
594 2967 647 3000 13.
