2034 3230
806 176 861 181 —
919 162 1073 193 XXXIII
1133 174 1187 179 —·

155 278 292 323 pensa
335 278 439 320 erga
482 277 551 308 me
596 264 818 307 voluntate
862 264 1023 307 faetum
1068 267 1133 307 est
1176 266 1222 306 ut
1265 259 1648 316 praestantissimis
1692 258 1827 302 subsi-

156 333 241 378 diis
269 333 502 376 instructus
531 331 588 375 ad
617 331 836 387 negotium
867 330 1138 386 adgrederer‚
1170 328 1401 373 Franoiseo
1424 327 1756 371 Bueohelero
1787 330 1830 370 et

156 399 362 444 Udalrioo
408 398 462 443 de
505 396 1310 442 Wilamowitz-Moellendorff
1348 396 1453 439 viris
1498 395 1828 448 humanissimis,

158 468 235 525 qui
281 467 485 524 plagulas
534 466 788 522 perlegendi
835 466 1026 510 taedium
1075 478 1160 508 non
1208 468 1457 508 recusantes
1506 467 1713 519 quantum
1761 475 1830 505 me

128 535 336 594 ,oonsilio
381 535 630 590 monituque
676 533 942 590 adiuverint‚
991 534 1038 576 in
1078 532 1188 575 libro
1234 531 1400 575 edendo
1445 530 1584 585 magis
1628 534 1831 585 expertus

157 617 251 648 sum
296 616 426 660 quam
475 602 616 646 editus
661 603 859 658 quamvis
908 601 1068 656 ubique
1113 612 1259 643 eorum
1306 611 1430 654 opem
1475 597 1686 641 exhibens
1729 610 1830 653 ape-

156 672 242 716 rire
278 671 454 728 poterit,
495 669 679 717 Iohanni
718 669 772 713 de
810 670 991 712 Arnim
1029 668 1122 711 viro
1160 667 1267 710 mihi
1305 665 1723 719 benevolentissimo,
1756 666 1831 720 qui

159 739 214 784 de
243 738 392 783 multis
431 751 575 782 eoram
606 750 742 792 agens
780 736 837 779 ad
865 735 999 780 verba
1032 734 1134 778 libri
1171 734 1218 776 in
1247 733 1440 776 ordinem
1472 732 1710 787 redigenda
1737 733 1830 788 plu-

157 807 312 852 rimum
347 805 539 850 eontulit.
599 808 772 860 praeter
806 803 883 847 hos
917 803 1050 846 variis
1089 801 1241 845 officiis
1279 814 1349 844 me
1388 800 1471 844 sibi
1510 800 1831 843 obstrinxerunt

157 874 240 919 viri
278 873 513 918 doctissimi
552 872 771 926 Eugenius
809 870 1091 925 Bormann,
1138 868 1380 913 Guilelmus
1412 867 1659 921 Cstmert,
1705 868 1831 911 Felix

158 940 392 998 Jacoby,
431 939 646 984 Iohannes
675 939 963 993 Kirohner‚
1009 936 1156 992 Edgar
1185 936 1423 979 Martini.
1482 935 1667 990 denique
1697 936 1830 979 Aea-

159 1008 371 1054 demiae
401 1006 684 1064 Imperiali
715 1007 835 1050 euius
864 1005 1072 1051 beneficio
1102 1004 1299 1060 pagellas
1319 1016 1590 1059 papyraoeas
1618 1004 1664 1046 in
1684 1003 1832 1046 Museo

157 1075 382 1121 NationaIi
418 1075 720 1132 perscrutandi
762 1074 888 1130 eopia
924 1073 1041 1117 faeta
1080 1076 1145 1116 est
1190 1085 1266 1128 pro
1306 1070 1554 1115 adiumento
1592 1071 1832 1116 lautissimo

160 1144 275 1202 quod
311 1144 368 1188 ad
405 1144 486 1188 iter
514 1144 715 1188 Italioum
753 1142 971 1199 praestitit
1009 1145 1155 1196 grates
1193 1154 1277 1196 ago
1313 1139 1570 1194 singulares.

219 1233 470 1279 scribebam
493 1232 775 1277 vindobonae
805 1244 951 1276 mense
981 1231 1176 1286 Augusto
1206 1229 1472 1275 MDCOCCI.

246 2998 402 3033 Unum,
420 2997 514 3027 Index
532 2997 778 3027 Academicorum.
1544 2997 1564 3024 e
