2034 3230
190 280 335 319 sectae
366 275 607 330 Epicureae
646 274 839 330 pugilem
870 273 1072 319 ardenter
1108 275 1263 319 luctari
1293 275 1463 320 solitum
1481 281 1513 329 ¹)
1550 277 1661 322 adeo
1695 276 1870 322 sibimet

191 343 272 399 ipsi
309 344 537 397 temperari
578 343 781 397 potuisse,
828 346 875 385 ut
915 341 1046 386 libros
1085 342 1232 387 ederet
1268 344 1425 400 quibus
1465 341 1650 389 ‘curiose
1693 344 1868 402 quidem

190 416 407 465 tamquam
449 410 494 452 in
527 409 755 453 annalibus
796 410 913 453 vitae
950 409 1319 467 philosophorum,
1356 410 1554 456 fortunae
1583 418 1750 458 aetates
1779 426 1868 458 ma-

190 479 313 532 gistri
344 477 566 534 discipuli,
607 477 794 534 denique
825 491 893 522 res
923 482 1129 522 externae
1159 483 1425 535 enarrantur,
1464 479 1691 525 interiores
1722 486 1868 526 autem

190 546 488 603 philosophiae
528 547 716 591 rationes
755 546 844 591 fere
875 541 1179 602 negleguntur’
1198 548 1254 598 ²):
1303 546 1380 591 sed
1418 548 1632 593 versatilis
1666 547 1869 594 Graeculi

191 615 370 669 indoles,
402 629 457 659 ne
479 614 583 671 quid
605 615 745 659 dicam
768 615 823 659 de
844 616 1169 672 epigrammatis
1189 615 1412 671 eleganter
1431 616 1624 671 tornatis,
1650 615 1870 662 Ciceronis

190 684 433 727 testimonio
477 683 530 727 de
577 683 750 727 homine
792 681 897 727 ‘non
931 683 1206 740 philosophia
1243 684 1403 739 solum,
1448 683 1524 728 sed
1554 684 1685 728 etiam
1715 685 1870 730 ceteris

191 751 344 795 studiis
388 765 500 808 quae
544 751 634 796 fere
679 752 916 808 Epicureos
960 752 1192 808 neglegere
1237 751 1387 797 dicunt
1422 749 1654 808 perpolito'
1669 751 1708 808 8)
1751 753 1870 797 evin·

191 821 314 864 citur.
373 825 417 864 et
453 820 552 863 tulit
596 821 836 864 litterarum
885 824 928 864 et
968 821 1243 877 antiquarum
1288 824 1330 864 et
1365 820 1649 864 recentiorum
1691 820 1871 866 historia

191 888 434 932 huiusmodi
472 889 651 944 ingenia
688 901 742 932 ex
781 901 828 932 se
866 902 1018 944 parum
1056 888 1237 943 fertilia,
1283 901 1464 945 quorum
1508 887 1700 933 calamus
1745 887 1871 934 modo

190 956 383 1000 bellandi
423 955 578 1000 avidus
618 956 742 1000 modo
782 957 875 1013 ipso
914 956 1129 1001 scribendi
1165 956 1332 1014 pruritu
1370 957 1579 1012 agitatus,
1617 961 1665 1001 ut
1701 961 1869 1002 taceam

192 1024 246 1068 de
274 1029 531 1081 paupertate
571 1025 749 1080 audaci,
797 1024 853 1068 ad
883 1025 1122 1081 quamlibet
1157 1025 1394 1070 studiorum
1433 1025 1687 1070 varietatem
1727 1026 1870 1083 expri-

193 1093 392 1138 mendam
422 1106 469 1137 se
499 1094 754 1150 applicaret.

306 1163 453 1218 itaque
483 1162 590 1206 satis
620 1161 865 1218 probabiles
896 1175 1050 1206 causas
1081 1175 1176 1206 esse
1207 1175 1293 1205 non
1322 1160 1518 1216 diffiteor,
1555 1172 1690 1217 quare
1718 1160 1769 1204 L.
1798 1160 1870 1205 Pi-

192 1231 307 1274 sonis
337 1230 542 1274 familiari
562 1230 607 1273 in
629 1230 1026 1274 Herculanensibus
1056 1230 1345 1274 voluminibus
1374 1228 1504 1272 facile
1523 1228 1686 1285 primas
1705 1229 1871 1274 tenenti

192 1300 261 1343 hic
291 1312 463 1356 quoque
493 1297 666 1342 libellus
696 1298 934 1354 addicatur,
973 1298 1137 1342 nullam
1175 1297 1359 1342 inveniri
1391 1297 1634 1352 graviorem
1673 1310 1762 1355 qua
1789 1297 1870 1342 hoc

191 1381 346 1412 nomen
377 1366 618 1411 dissuaderi
648 1368 794 1423 possit.
854 1367 988 1411 nihilo
1026 1367 1167 1410 minus
1206 1366 1448 1410 cautionem
1487 1378 1583 1410 cum
1621 1365 1685 1410 rei
1713 1369 1871 1410 natura

192 1440 524 1480 consentaneam
556 1434 802 1490 arbitratus,
834 1436 1038 1492 quoniam
1068 1439 1166 1491 post
1186 1434 1467 1490 Comparettii
1497 1432 1729 1478 editionem
1759 1434 1869 1478 nihil

191 1503 399 1561 praesidii
429 1517 513 1560 quo
551 1504 616 1547 rei
654 1501 760 1547 fides
798 1503 1029 1547 adderetur
1059 1503 1262 1556 accessit,
1307 1506 1350 1545 et
1379 1501 1515 1558 ipsius
1545 1505 1588 1545 et
1616 1500 1868 1547 Buecheleri

192 1573 438 1617 auctoritati
468 1584 626 1628 parens
655 1570 849 1615 Iudicem
879 1566 1116 1623 ἀνώνυμον
1152 1569 1324 1627 prodire
1354 1570 1501 1613 malui.

307 1707 427 1751 Haec
457 1706 589 1750 habui
620 1719 732 1762 quae
762 1705 909 1749 libello
940 1704 994 1749 de
1024 1703 1281 1760 disciplinae
1309 1702 1561 1746 Platonicae
1590 1703 1870 1748 successioni·

193 1775 273 1819 bus
309 1776 627 1831 praemitterem
667 1778 763 1830 post
792 1774 998 1816 Italorum
1037 1786 1212 1830 operam
1250 1784 1446 1815 mancam
1482 1770 1658 1828 quidem
1687 1771 1871 1828 usuique

194 1857 345 1900 parum
386 1848 530 1899 aptam
571 1856 651 1886 nec
680 1847 824 1886 tamen
855 1854 1028 1898 prorsus
1057 1839 1342 1897 spernendam
1373 1853 1426 1883 ac
1454 1838 1708 1884 Buecheleri
1745 1852 1871 1884 curas

195 1917 237 1955 et
281 1912 479 1955 acumine
523 1911 688 1966 ingenii
737 1914 779 1953 et
822 1922 1025 1966 prospero
1070 1921 1270 1952 successu
1314 1906 1513 1952 florentes
1557 1907 1730 1952 tertium
1773 1921 1870 1965 pro-

196 1979 358 2023 deunti.
416 1980 627 2035 reliquum
660 1983 745 2032 est,
786 1981 834 2021 ut
863 1978 930 2022 his
960 1977 1227 2034 potissimum
1259 1976 1566 2032 quattuorviris
1604 1976 1679 2032 qui
1716 1975 1772 2020 de
1801 1989 1870 2021 me

195 2047 334 2104 deque
364 2047 571 2104 opusculo
609 2047 785 2102 egregie
822 2049 1068 2090 meruerunt
1106 2045 1270 2100 gratias
1299 2045 1541 2100 persolvam
1571 2057 1703 2100 quam
1732 2044 1870 2089 maxi-

195 2129 306 2160 mas:
353 2115 577 2160 Theodoro
608 2114 929 2171 Gomperzio
966 2113 1235 2171 praeceptori
1274 2110 1567 2166 dilectissimo,
1612 2112 1733 2156 cuius
1772 2125 1868 2169 pro-

311 2311 344 2351 1)
368 2308 424 2344 Cf.
450 2308 644 2354 Gomperz,
669 2306 809 2343 Philod.
836 2316 872 2342 u.
897 2305 931 2341 d.
956 2306 1052 2342 aeth.
1077 2304 1258 2341 Schriften
1282 2314 1317 2350 p.
1336 2308 1422 2350 4sq.

309 2379 343 2419 2)
368 2376 502 2413 Buech.
526 2388 561 2422 p.
578 2378 632 2412 22.
680 2375 726 2412 cs.
753 2375 880 2420 Gomp.
904 2374 985 2411 Jen.
1010 2386 1044 2421 p.
1062 2377 1129 2411 604
1152 2372 1224 2410 ‘die
1247 2372 1416 2419 sarblose
1435 2371 1669 2419 Objeceivieae
1687 2371 1755 2409 der
1774 2371 1867 2409 Dar-

193 2433 352 2481 stellunq
387 2432 464 2469 und
498 2433 564 2469 der
599 2432 712 2469 totale
741 2431 893 2479 Manqel
926 2442 975 2468 an
1011 2429 1230 2478 nerqeznder
1259 2424 1454 2466 Polemtk'.
1503 2438 1597 2465 unus
1626 2428 1723 2475 quod
1754 2428 1867 2465 seim

195 2493 254 2527 Fr.
272 2490 468 2527 Nietzsche
491 2501 537 2526 m.
563 2482 632 2526 Rh.
657 2489 779 2526 XXIV
805 2491 870 2525 208
894 2487 940 2525 de
963 2487 1035 2525 alio
1058 2491 1208 2524 auctore
1232 2486 1420 2532 cogitavit:
1461 2484 1643 2532 Spengelii
1665 2485 1759 2522 enlm
1784 2495 1864 2522 sen—

194 2550 341 2585 tentiam
377 2549 440 2595 qui
476 2558 512 2594 p.
538 2550 604 2583 535
640 2557 661 2582 e
695 2546 803 2583 laude
833 2545 1039 2582 Metrodoro
1076 2544 1173 2581 horti
1203 2543 1378 2580 desertori
1401 2543 1457 2586 (L.
1473 2542 1577 2588 Diog.
1602 2541 1639 2578 X
1662 2545 1699 2586 9)
1729 2541 1867 2578 tribuna

193 2606 275 2646 (col.
300 2605 435 2647 XXVI)
459 2609 645 2641 auctorem
669 2603 889 2650 Epicureum
913 2612 993 2639 esse
1017 2612 1089 2638 nou
1113 2601 1276 2647 potuisse
1299 2600 1546 2645 concluserat,
1570 2608 1675 2636 suum
1698 2598 1736 2635 in
1759 2608 1865 2635 mum

194 2665 335 2698 vertens
361 2666 398 2699 et
419 2658 593 2698 ‘animum
616 2660 808 2707 Epicureis
831 2654 1076 2695 infestum'
1107 2661 1234 2704 aperte
1258 2657 1363 2704 prodi
1386 2656 1580 2694 adfirmans
1603 2654 1767 2692 mom
1790 2653 1863 2701 Ny-

195 2729 317 2754 saeum
334 2718 520 2755 Posidonii
545 2721 710 2765 nepotem
737 2716 960 2762 eundemque
985 2724 1231 2752 successorem
1247 2714 1307 2757 (ef.
1324 2713 1371 2750 ad
1389 2713 1455 2751 col.
1472 2712 1575 2749 XXV
1592 2714 1647 2758 88,
1672 2710 1810 2748 Suaem.
1828 2710 1864 2747 n

194 2786 229 2820 p.
249 2779 327 2818 245)
349 2780 388 2811 et
411 2775 569 2812 Sotionla
594 2767 772 2822 διαδοχάς
795 2773 890 2809 unde
907 2772 967 2809 ille
990 2782 1059 2809 sua
1074 2772 1236 2809 hauserit
1259 2770 1491 2817 nuncupavit.
1528 2778 1635 2815 quam
1658 2767 1864 2815 opinionem

194 2832 330 2877 optimo
354 2832 431 2867 iure
456 2832 591 2868 Buech.
616 2831 638 2868 l.
655 2831 680 2867 l.
704 2830 927 2877 impugnavit
951 2828 1191 2876 probantibus
1207 2828 1373 2874 Roepero
1397 2837 1431 2873 p.
1450 2829 1491 2862 27
1516 2825 1576 2873 qui
1600 2824 1697 2862 illam
1721 2824 1863 2861 laudem

195 2889 360 2933 restringi
396 2889 619 2925 demonstrat
654 2890 691 2924 et
726 2886 971 2934 Comparettio
1007 2886 1096 2932 Pap.
1133 2885 1242 2922 ercol.
1277 2895 1316 2931 p.
1342 2887 1397 2921 26.

310 2960 343 2996 3)
369 2956 408 2991 ln
434 2956 475 2993 1..
494 2957 564 2992 Pis.
589 2956 711 2993 xxm
736 2959 791 2993 70.
839 2957 886 2993 ef.
910 2955 955 2992 de
977 2955 1040 2991 flu.
1066 2953 1100 2990 11
1125 2956 1181 2997 3⁶,
1209 2955 1285 2991 119.
