2034 3230
193 284 381 342 denique
408 285 544 328 altero
573 282 831 339 exemplari,
862 293 1172 339 saepenumero
1200 294 1289 326 una
1314 294 1411 326 cum
1435 280 1683 339 archetypo,
1713 293 1862 326 caren-

193 358 258 397 tes
287 352 345 396 ad
375 352 491 396 unici
522 349 672 394 arbitri
701 348 941 394 subsidium
971 347 1261 394 decurramus.
1319 349 1520 394 nimirum
1549 348 1749 407 quamvis
1784 348 1863 394 ad·

194 420 316 465 sidue
345 420 409 464 uti
438 434 518 477 par
537 423 631 463 erat
660 418 898 475 principem
927 418 1087 462 fontem
1118 430 1214 462 cum
1244 417 1453 463 derivatis
1482 417 1747 474 contulerim,
1776 429 1863 462 uno

193 492 340 532 tenore
371 487 477 545 quid
495 489 542 532 in
562 488 638 532 illo
659 490 797 532 exstet
826 486 985 544 quidve
1014 490 1090 530 aut
1110 485 1283 530 omnino
1313 489 1387 530 aut
1413 498 1469 530 ex
1487 489 1611 543 parte
1638 485 1865 532 evanuerit

194 556 420 612 enotando,
452 557 638 612 ingenue
668 556 806 600 fateor
835 555 1069 600 innumeris
1089 555 1196 599 loeis
1226 554 1403 599 chartae
1421 553 1664 599 litteratura
1689 552 1864 612 quidem

194 625 445 682 completae,
476 624 553 669 sed
574 626 729 669 misere
758 624 942 669 detritae
972 629 1015 668 et
1043 624 1199 668 friatae
1229 636 1326 668 eam
1356 634 1451 667 esse
1479 621 1788 678 condicionem,
1817 626 1866 667 ut

195 707 250 738 ne
278 694 422 750 lyncei
460 692 634 750 quidem
674 694 787 737 oculi
826 693 1061 751 quidquam
1101 692 1345 749 dispiciant.
1404 690 1507 734 hinc
1534 689 1697 734 factum
1725 692 1867 734 estut

194 775 403 819 persaepe
441 762 688 807 necessitati
731 775 889 819 parens
932 766 975 806 et
1013 761 1267 818 apographa
1306 758 1552 816 idiographi
1595 758 1735 803 instar
1770 769 1866 803 ene

195 834 389 875 statuens
426 831 472 874 in
509 830 740 874 lectionum
779 830 846 875 his
885 830 988 875 solis
1019 829 1260 875 debitarum
1299 841 1509 873 consensu
1546 826 1867 884 acquiescerem

197 904 344 957 utpote
373 901 448 957 qui
479 900 695 955 genuinae
725 899 956 944 memoriae
986 897 1275 942 miserandum
1315 898 1360 941 in
1391 895 1562 940 modum
1601 894 1868 941 disturbatae

197 966 321 1012 fidem
364 972 555 1024 praestet
598 968 954 1025 acceptissimam.
1015 979 1121 1011 sane
1164 970 1315 1010 contra
1358 969 1423 1010 est
1461 963 1720 1022 ubicumque
1763 975 1867 1021 apo—

197 1035 455 1092 graphorum
487 1036 779 1094 discrepantia
809 1049 863 1080 ex
885 1035 1120 1092 archetypo
1149 1034 1294 1079 sedari
1324 1035 1474 1092 nequit
1503 1037 1579 1078 aut
1607 1031 1683 1077 ubi
1710 1031 1867 1077 altero·

197 1108 292 1147 utro
321 1117 466 1148 eorum
503 1104 613 1149 duce
643 1106 801 1148 utimur
829 1104 978 1148 unico:
1023 1103 1069 1147 id
1099 1103 1215 1160 quod
1243 1103 1289 1146 in
1319 1102 1463 1147 media
1499 1100 1768 1159 potissimum
1797 1112 1868 1145 eo-
1912 1124 1915 1126 ·

197 1173 437 1216 lumnarum
477 1177 600 1230 parte
638 1187 717 1217 usu
756 1172 875 1217 venit
909 1185 1039 1229 quam
1077 1172 1178 1216 Itali
1215 1184 1397 1216 vacuam
1435 1170 1680 1226 relinquere
1715 1168 1866 1224 solent,

197 1241 405 1298 imprimis
437 1246 579 1286 autem
610 1242 656 1285 in
686 1242 879 1286 auctario
908 1241 983 1284 illo
1004 1239 1242 1284 Bodleiano
1270 1241 1401 1284 totius
1430 1238 1567 1283 libelli
1595 1240 1783 1294 quantus
1811 1234 1869 1280 ad

197 1322 275 1353 nos
304 1311 501 1366 pervenit
532 1310 784 1367 quadrante.
798 1312 827 1363 ¹)

311 1378 389 1422 111.
430 1378 552 1432 Quae
573 1392 669 1423 cum
690 1380 755 1423 ita
773 1379 872 1434 sint,
903 1379 948 1422 in
969 1378 1199 1422 voluminis
1227 1377 1376 1434 specie
1400 1372 1685 1420 describenda
1712 1385 1869 1418 memo·

197 1445 350 1502 riaque
381 1447 522 1503 qualis
562 1447 735 1491 diversa
763 1446 1027 1491 diversorum
1065 1447 1246 1491 fontium
1276 1445 1444 1489 ratione
1471 1442 1624 1487 habita
1657 1441 1795 1486 oculis
1821 1453 1870 1486 se

198 1512 383 1557 subiciat
412 1515 684 1559 aestimanda
712 1515 855 1560 faeere
885 1528 971 1558 non
990 1528 1163 1572 possum
1194 1514 1298 1571 quin
1328 1513 1382 1557 de
1411 1512 1585 1570 paginis
1602 1511 1662 1555 IL
1690 1523 1746 1555 ex
1775 1510 1870 1567 qui·

197 1581 279 1625 bus
308 1581 419 1626 liber
438 1583 613 1627 mutilus
634 1588 800 1628 constat
819 1587 1039 1640 tamquam
1069 1583 1116 1626 in
1134 1595 1265 1625 unum
1295 1579 1614 1638 comprehensis
1641 1577 1869 1636 disputem,

199 1649 356 1694 deinde
387 1652 700 1709 exemplarium
737 1653 775 1696 si
805 1665 918 1708 quae
947 1652 1034 1695 siut
1062 1650 1347 1708 proprietates
1375 1661 1565 1692 seorsum
1599 1659 1813 1705 exponam
1822 1648 1870 1699 ²).

200 1723 243 1762 et
271 1718 564 1764 columnarum
594 1720 768 1778 quidem
799 1733 1039 1765 mensuram
1070 1721 1116 1763 in
1146 1719 1298 1764 charta
1325 1715 1604 1774 pessumdata
1631 1729 1718 1761 non
1741 1715 1873 1762 facile

200 1788 336 1842 ineas,
368 1792 413 1831 at
437 1788 705 1834 modulorum
734 1790 922 1833 rationes
952 1790 997 1832 in
1026 1793 1207 1845 utroque
1238 1785 1490 1844 apographo
1518 1785 1651 1842 probe
1673 1788 1873 1830 servatae

200 1854 430 1900 sufficiunt.
483 1862 582 1901 sunt
612 1861 756 1901 autem
786 1858 890 1901 hae:
935 1858 1065 1914 spatii
1095 1857 1251 1900 litteris
1280 1855 1435 1912 repleti
1465 1853 1637 1899 circiter
1664 1856 1873 1910 septenae

202 1923 325 1967 metri
346 1925 606 1969 centesimae
626 1926 671 1969 in
692 1925 981 1980 latitudinem,
1012 1925 1058 1968 in
1079 1923 1350 1968 altitudinem
1373 1922 1544 1966 circiter
1562 1919 1872 1965 undevicenae.

202 2005 401 2036 versuum
431 2006 632 2038 numerus
662 1995 707 2036 in
736 1993 920 2048 singulis
959 1992 1145 2049 pagellis
1175 1995 1449 2035 exaratorum
1479 1988 1873 2046 quadragenarium

203 2060 396 2115 paullulo
427 2061 598 2105 excedit
609 2064 655 2115 ³).
702 2061 836 2106 semel
865 2060 1038 2118 quidem
1069 2060 1165 2113 (col.
1186 2059 1287 2113 XV)
1319 2063 1372 2103 47
1403 2071 1552 2103 versus
1581 2060 1872 2113 numerantur,

203 2127 270 2171 bis
300 2129 410 2179 (coll.
432 2129 558 2184 VIII,
589 2129 713 2184 XIV)
743 2132 810 2185 46,
842 2134 907 2173 ter
936 2133 1143 2186 quaterve
1164 2132 1231 2184 45,
1263 2129 1308 2172 in
1337 2128 1583 2172 universum
1611 2130 1758 2171 tamen
1787 2137 1875 2170 mo·

205 2195 330 2240 dulus
374 2197 489 2240 eirca
520 2201 573 2240 44
619 2210 783 2242 sursum
831 2197 1028 2242 deorsum
1074 2197 1244 2241 variare
1287 2200 1388 2253 apte
1427 2195 1596 2239 dicatur
1608 2197 1654 2248 ⁴).
1712 2192 1875 2251 singuli

321 2335 352 2375 1)
377 2331 576 2368 voluminis
600 2332 800 2378 fragmenta
831 2337 1021 2379 postquam
1046 2332 1092 2368 ab
1118 2332 1268 2379 Hayteri
1300 2331 1421 2378 operis
1452 2329 1632 2367 delineata
1660 2329 1748 2366 sunt
1776 2325 1875 2366 haud

204 2387 312 2425 dubie
335 2389 575 2435 deperierunt.

319 2449 352 2488 2)
379 2446 466 2493 cap,
490 2447 571 2484 v11.

319 2507 355 2547 3)
379 2504 529 2542 Perinde
544 2505 695 2541 eundem
714 2505 909 2548 modulum,
934 2508 975 2540 ut
990 2503 1153 2551 exemplo
1172 2507 1264 2546 utar,
1289 2505 1439 2549 quartus
1458 2499 1659 2538 Philodami
1677 2498 1724 2537 (le
1736 2497 1876 2536 munies

207 2560 296 2598 liber
313 2562 474 2607 praebet.
514 2566 664 2608 uterque
680 2565 874 2608 superatur
889 2561 1068 2599 volumine
1092 2572 1126 2597 n.
1150 2563 1232 2597 14²4
1257 2559 1410 2603 (Philod.
1437 2561 1523 2606 περὶ
1538 2558 1684 2596 κακιῶν
1704 2569 1741 2594 x.
1759 2568 1792 2594 t.
1809 2549 1874 2594 ἆν-

206 2633 275 2657 τικ.
294 2614 370 2667 dp.)
393 2619 439 2655 ad
456 2629 644 2655 numerum
660 2622 779 2656 tamen
797 2618 1159 2666 quinquagenarium,
1182 2617 1228 2654 ad
1245 2627 1350 2664 quem
1367 2615 1528 2663 proxime
1542 2612 1682 2652 aceedit
1695 2611 1763 2650 col.
1775 2610 1874 2655 m,

207 2686 380 2721 nusquam
406 2677 642 2722 perveniente.
668 2697 710 2703 -
736 2676 778 2712 ln
802 2687 884 2723 pap.
905 2687 939 2713 n.
962 2678 1045 2713 ¹018
1070 2676 1152 2722 plus
1177 2676 1338 2712 minusve
1360 2674 1519 2710 tricenos
1542 2673 1739 2718 quaesi-nos
1761 2667 1875 2708 run-e

207 2743 329 2768 versus
355 2734 487 2770 conicit
511 2734 729 2780 Comparetti
754 2733 840 2780 Pap.
859 2733 968 2769 ercol.
993 2744 1028 2780 p.
1046 2737 1079 2776 9,
1105 2732 1151 2768 ef.
1176 2732 1304 2778 Gomp.
1328 2730 1407 2766 Jen.
1425 2728 1469 2765 L.
1482 2728 1522 2764 Z.
1541 2728 1670 2774 95⁰⁴-

322 2793 355 2825 4)
380 2789 444 2826 Rei
470 2790 566 2826 haud
591 2790 768 2827 mediocre
792 2792 1010 2827 momentum
1034 2790 1153 2826 inesse
1182 2789 1220 2825 in
1244 2787 1453 2823 lacunarum
1477 2784 1688 2832 plerumque
1710 2780 1873 2826 mediam.

208 2846 384 2882 interdum
410 2848 517 2883 imam
541 2848 728 2885 columnae
752 2853 890 2894 partem
915 2847 1108 2884 celantium
1132 2845 1269 2882 ambitu
1292 2842 1468 2880 metiendo
1493 2851 1565 2879 nou
1595 2843 1653 2878 est
1681 2837 1777 2886 qnod
1799 2849 1874 2876 mo·

209 2912 321 2939 neam.
346 2923 389 2930 —-
422 2904 461 2939 ln
493 2905 707 2950 quibusdam
739 2905 877 2951 paginis
910 2913 1080 2941 numerus
1110 2901 1432 2950 quadragenarium
1465 2909 1537 2935 non
1561 2894 1722 2943 attiuh:
1754 2895 1793 2933 ln
1816 2894 1874 2933 hia

212 2961 276 2997 col.
295 2960 345 2997 xl
370 2967 425 2997 est
450 2965 492 2997 39
517 2971 641 2998 versus
665 2962 904 3008 amplectens,
927 2971 1081 3007 quorum
1104 2958 1216 2997 series
1239 2957 1403 3005 quamvls
1433 2955 1595 3003 plerique
1618 2951 1779 2991 truneui
1802 2953 1875 2991 sint
