2034 3230
783 180 1127 212 —ml—

159 281 288 326 editis
336 281 549 337 quaedam
599 280 775 323 minoris
824 282 1040 325 momenti.
1099 294 1185 324 uno
1234 284 1349 324 certe
1398 280 1492 323 loco
1541 280 1718 324 evidens
1766 286 1831 324 est

159 350 413 406 interruptio
442 349 654 404 excerpti,
694 348 916 392 exordium
948 349 1045 392 dico
1075 349 1299 392 columnae
1336 347 1391 403 Q,
1427 350 1569 404 pergit
1598 350 1711 392 enim
1741 363 1781 393 v.
1803 351 1830 392 6

153 413 399 472 Ἀντίγονος
429 415 476 460 δὲ
504 415 677 471 γράφει,
719 421 767 460 ut
796 418 866 475 vel
906 419 968 461 sic
997 417 1223 460 columnae
1258 416 1301 459 T
1331 430 1443 472 quae
1479 416 1536 460 ad
1565 418 1829 473 Antigonum

156 485 352 530 revocari
390 485 560 540 nequit,
607 485 801 541 alioquin
840 485 1052 529 erraticae
1095 484 1337 541 perfugium
1382 498 1494 540 pone
1531 485 1687 529 XVam
1732 499 1830 530 con-

157 552 253 597 cedi
281 553 428 610 possit.

270 621 387 677 quod
415 634 516 665 vero
545 634 652 677 opus
683 621 1052 677 chronographum
1083 620 1249 674 attinet,
1289 620 1417 663 seriei
1446 620 1512 662 illi
1543 622 1728 676 amplius
1757 623 1830 665 tri-

157 690 281 745 ginta
308 690 574 733 senariorum
595 689 763 732 solutae
782 689 967 732 orationi
986 689 1253 742 insertorum,
1286 701 1415 743 quam
1435 688 1620 744 Roeperi
1642 691 1830 733 acumini

159 757 376 811 debemus,
407 762 450 800 et
478 756 705 813 spicilegio
734 769 763 799 a
793 755 1048 812 Gomperzio
1078 768 1103 798 e
1133 755 1268 811 copiis
1300 755 1549 799 Bodleianis
1579 755 1830 813 deprompto

156 838 377 882 perpauca
405 823 576 867 adicere
605 824 727 866 licuit
764 836 877 879 quae
906 823 1113 867 iudicium
1152 822 1206 866 de
1236 823 1544 879 pretiosissimo
1575 825 1830 870 emblemate

157 893 406 949 neutiquam
434 896 540 947 puto
570 903 666 934 esse
694 896 1021 936 commutatura.
1080 904 1135 934 ea
1163 891 1427 946 fragmenta,
1459 906 1573 948 quae
1602 894 1660 937 ad
1689 908 1829 949 gram-

156 961 305 1005 matici
342 959 611 1004 celeberrimi
641 957 834 1014 Χρονικά
878 973 1045 1004 summa
1088 971 1184 1002 cum
1227 959 1533 1015 probabilitate
1572 975 1599 1003 a
1635 962 1830 1019 Roepero

155 1028 295 1072 relata
317 1031 454 1081 sunt,
500 1027 571 1070 cui
600 1040 725 1070 nemo
763 1027 879 1084 quod
908 1029 1043 1071 sciam
1083 1028 1305 1071 oblocutus
1335 1032 1400 1071 est
1415 1030 1457 1082 ¹),
1504 1029 1550 1070 in
1579 1030 1830 1085 Apollodori

155 1095 345 1140 editione
373 1109 401 1139 a
429 1095 521 1138 Fel.
550 1094 720 1151 Jacoby
758 1100 914 1151 parata
952 1096 1153 1152 reperies,
1194 1096 1263 1138 cui
1301 1096 1347 1138 in
1377 1095 1678 1141 dissertatione
1708 1099 1829 1142 inau-

155 1164 298 1220 gurali
325 1163 466 1207 bonae
493 1163 631 1219 frugis
666 1164 796 1220 plena
825 1164 1036 1220 praelusit
1047 1166 1094 1215 ²).

268 1254 371 1298 XII.
410 1255 610 1298 Auctoris
629 1267 784 1298 nomen
814 1255 930 1311 quod
952 1255 1133 1298 reticent
1152 1255 1354 1311 pagellae
1367 1257 1414 1309 3),
1446 1255 1626 1299 duarum
1647 1259 1830 1303 triumve

154 1335 295 1367 rerum
338 1323 451 1366 ultro
495 1323 687 1379 citroque
732 1322 1134 1366 adminiculantium
1179 1327 1387 1366 concentu
1432 1325 1610 1379 coargui
1646 1326 1829 1370 videtur.

155 1389 271 1447 quod
307 1391 422 1434 enim
458 1392 505 1434 in
542 1391 623 1434 hoc
660 1390 804 1434 indice
841 1390 1093 1434 Academici
1132 1390 1350 1435 Ciceronis
1395 1396 1539 1435 aetate
1574 1396 1830 1449 posteriores

154 1471 242 1502 non
270 1459 412 1514 magis
439 1463 716 1503 recensentur
744 1472 873 1515 quam
903 1459 949 1501 in
979 1459 1164 1514 gemello
1193 1458 1247 1502 de
1277 1459 1515 1503 Stoicorum
1550 1464 1829 1506 successioni-

153 1526 236 1571 bus
274 1539 333 1570 ex
369 1526 523 1571 iisdem
563 1527 778 1571 cineribus
818 1532 952 1581 erut0,
994 1540 1120 1582 quem
1151 1527 1367 1570 simillime
1405 1527 1658 1584 dispositum
1694 1530 1828 1575 fuisse

156 1595 296 1652 primo
315 1595 466 1638 obtutu
487 1600 681 1651 apparet,
712 1595 901 1651 perbene
930 1594 975 1637 id
1006 1594 1180 1650 quidem
1212 1599 1254 1639 et
1284 1608 1380 1638 cum
1411 1595 1615 1640 librorum
1645 1599 1828 1643 Philo-

156 1662 289 1707 demi
320 1662 562 1717 Gadareni‚
602 1663 802 1706 acerrimi
831 1663 1018 1719 partium
1049 1662 1357 1718 Epicurearum
1388 1663 1684 1721 adsectatoris,
1721 1667 1826 1711 Her-

155 1731 328 1774 culanei
357 1735 620 1787 repertorum
651 1731 881 1774 crebritate
902 1731 1102 1774 convenit
1132 1735 1175 1774 et
1201 1743 1297 1773 cum
1317 1732 1561 1776 testimonio
1582 1734 1826 1790 Laertiano,

156 1811 241 1855 quo
271 1798 420 1842 decem
450 1800 670 1842 minimum
709 1805 782 1854 τῆς
813 1805 904 1842 τῶν
935 1796 1196 1852 φιλοσόφων
1236 1798 1482 1853 συντάξεως
1523 1801 1742 1846 volumina
1772 1804 1828 1850 ab

156 1866 305 1911 eodem
336 1866 509 1911 homine
538 1867 780 1922 conscripta
810 1867 1137 1922 comprobantur
1148 1868 1196 1918 ⁴¹).
1255 1880 1369 1923 quae
1391 1868 1600 1923 refragari
1622 1870 1828 1914 videban-

154 1940 225 1979 tur
260 1935 395 1979 verba
430 1936 510 1979 col.
539 1935 690 1978 XXVI
717 1937 772 1977 42
809 1931 1022 1990 ἄρχοντος
1051 1930 1156 1990 παρ’
1189 1931 1292 1989 ἡμῖν
1321 1935 1529 1990 Εὐγάμου
1572 1951 1649 1982 seu
1684 1941 1829 1996 potius

154 2002 372 2058 Εὐμᾰχου,
411 2002 526 2046 unde
554 2003 861 2047 Atheniensem
900 2002 1035 2047 fuisse
1063 2002 1312 2059 scriptorem
1350 2008 1426 2047 aut
1464 2005 1617 2048 saltem
1647 2007 1828 2051 Athenis

154 2071 377 2128 scripsisse
421 2070 533 2114 effici
569 2075 755 2127 poterat,
802 2084 946 2114 eorum
987 2072 1074 2114 vim
1113 2071 1343 2128 Theophili
1380 2073 1564 2130 Roeperi
1607 2075 1828 2119 inventum

154 2137 263 2182 illud
298 2139 667 2195 exoptatissimum
706 2139 901 2194 infregit,
942 2140 1013 2183 cui
1050 2140 1282 2183 memoriae
1314 2141 1630 2196 Apollodoreae
1669 2149 1828 2188 cetero-

154 2206 261 2263 quin
288 2219 429 2263 paene
459 2207 731 2251 oblitteratae
765 2209 1133 2264 recuperationem
1171 2207 1388 2252 debemus.
1447 2208 1626 2254 forsitan
1662 2213 1829 2257 mireris

271 2413 305 2453 1)
327 2409 383 2446 Ne
406 2409 527 2454 Unger
550 2409 694 2454 quidem
717 2409 846 2446 Philol.
870 2409 957 2445 XLI
979 2412 1114 2456 p.*633.

270 2480 304 2521 2)
329 2477 384 2513 De
406 2477 619 2524 Apollodori
643 2477 874 2514 Atheniensis
899 2478 1096 2514 chronicis.
1146 2479 1264 2514 Berol.
1281 2479 1512 2523 (MDCCCC).

270 2549 306 2590 3)
328 2546 371 2581 In
393 2546 504 2582 libelli
535 2546 607 2582 fine
636 2550 800 2582 exstante
832 2546 933 2582 deest
956 2546 1176 2592 subscriptio
1206 2548 1301 2583 sicut
1323 2548 1360 2582 in
1384 2547 1611 2594 Philippidea
1633 2548 1827 2594 Hyperidis

155 2603 211 2640 vel
232 2604 271 2639 in
294 2603 425 2639 Athen.
439 2608 538 2649 'rep.,
573 2602 620 2638 cf.
645 2603 797 2649 Kenyon
820 2603 896 2638 Pal.
921 2615 955 2649 p.
974 2605 1029 2639 22.

269 2675 305 2715 4)
329 2671 383 2708 Cf.
408 2671 597 2714 Peter-sen,
623 2671 778 2707 Phaedri
802 2671 975 2717 Epicurei
1000 2672 1043 2707 de
1065 2674 1142 2707 nat.
1168 2671 1264 2708 deor.
1289 2672 1415 2718 fragm.
1440 2683 1475 2718 p.
1503 2676 1535 2709 8.
1575 2673 1709 2709 Buech.
1734 2685 1768 2719 p.
1794 2677 1826 2710 3.

155 2727 270 2775 Boep.
294 2740 331 2775 p.
350 2731 407 2766 27.
442 2728 608 2775 Compar.
625 2727 715 2774 Pap.
732 2729 842 2765 ercol.
867 2739 926 2774 pp.
943 2732 975 2764 4.
993 2730 1046 2763 23.
1083 2728 1178 2764 idem
1202 2727 1326 2765 Relaz.
1351 2740 1387 2774 p.
1408 2731 1483 2764 163.
1521 2730 1648 2775 Gomp.
1673 2729 1827 2767 Hermae

155 2784 267 2821 voLV
283 2795 319 2830 p.
336 2787 412 2829 386,
436 2785 531 2821 idem
546 2784 628 2821 Jen.
641 2797 678 2831 p.
693 2787 771 2830 603,
796 2785 888 2821 idem
907 2785 1089 2821 Festschr.
1106 2795 1140 2830 p.
1156 2786 1233 2819 256.
1256 2784 1374 2820 Zeller
1388 2785 1442 2820 111
1462 2786 1499 2821 1³
1513 2797 1549 2831 p.
1564 2788 1634 2821 332.
1659 2787 1794 2823 Susem.
1808 2787 1827 2822 1

157 2850 194 2886 p.
209 2842 335 2878 noua.
359 2841 396 2877 11
410 2852 446 2887 p.
460 2844 587 2878 269107.
626 2842 726 2878 Scott
750 2841 898 2887 Fragm.
915 2841 1021 2877 Herc.
1038 2851 1075 2886 p.
1088 2843 1142 2876 32.
1183 2841 1237 2876 De
1260 2842 1406 2887 papyris
1426 2844 1512 2878 1018
1529 2846 1566 2878 et
1584 2845 1670 2878 1044
1693 2843 1826 2889 proba-

158 2895 277 2934 biliter
299 2897 347 2933 ad
369 2898 463 2934 idem
487 2909 579 2944 opus
603 2898 875 2934 conlectaneum
900 2897 1096 2934 referendis
1122 2896 1167 2933 ef.
1184 2897 1288 2933 Scott
1302 2898 1387 2934 ibid.
1405 2910 1439 2945 p.
1457 2903 1513 2942 35,
1531 2902 1574 2934 65
1583 2908 1661 2944 sqq.
1678 2899 1827 2947 (Bioqr.

161 2950 265 2989 Roas
285 2952 321 3000 f,
343 2966 380 3001 9,
404 2953 454 2998 h),
487 2954 639 2991 Crcnert
661 2955 854 3000 Sitzgsber.
879 2955 914 2991 d.
940 2955 1036 2991 Berl.
1061 2954 1180 2990 Aksd.
1206 2957 1306 2998 1900,
1330 2967 1366 3001 p.
1385 2958 1452 2992 942
1465 2966 1542 3002 sqq.
