2106 3236
800 170 1108 209 —111—

125 277 167 320 Μ
189 313 199 323 .
223 277 334 322 ΝΑΡ
353 310 365 322 .
387 311 399 322 .
414 277 878 322 ΤωΝᾹΤΕΚΑΙΔΙω
1046 279 1176 333 μ(α”)ν
1200 271 1483 333 Ἀρ(ίσ)τωνά
1507 292 1557 319 τε
1575 277 1650 320 καὶ
1670 279 1794 319 Δίω-

3 366 22 382 τ
125 345 695 390 ΝΑΑΛΕΞΑΝΔΡΕΙΟΚΑ
715 379 727 390 .
750 345 856 390 ΚΡΑ
1048 363 1103 389 να
1127 343 1432 401 Ἀλεξανδρεῖς
1461 346 1568 397 itast)
1600 344 1724 400 Κρά-

17 416 25 484 5:
55 422 95 456 10
120 412 1631 493 ψη
1662 407 1740 466 (ὧν

238 521 280 554 10
304 516 423 565 suppl.
440 518 513 564 Sp„
545 511 602 554 ὦν
624 516 707 553 add.
734 517 892 553 Buech.*

237 623 259 658 8
282 621 357 658 Cic.
375 621 487 657 Acad.
503 631 558 667 pr.
582 619 634 664 11,
659 623 700 662 4,
726 622 767 656 12
799 629 882 657 cum
905 618 1127 655 Heraclitum
1151 618 1312 654 studiose
1334 616 1495 653 audirem
1519 619 1647 652 contra
1670 616 1797 652 Antio-

26 714 34 718 ,,
109 675 231 715 schum
254 677 491 714 disserentem
514 681 551 713 et
572 677 659 713 item
675 675 898 713 Antiochum
921 677 1049 712 contra
1064 674 1313 717 Academicos,
1337 673 1420 708 dedi
1443 672 1625 708 Antiocho
1650 683 1797 718 operam

33 748 44 756 ³
122 735 340 781 diligentius,
363 737 405 770 ut
421 743 569 770 causam
591 743 637 769 ex
652 743 695 769 eo
719 734 835 769 totam
859 742 1123 778 cognoscerem.
1162 732 1284 777 itaque
1309 730 1512 776 complures
1536 729 1612 765 dies
1636 729 1798 764 adhibito

122 791 308 829 Heraclito
338 791 527 837 doctisque
558 789 803 836 compluribus
833 791 871 826 et
892 790 931 825 in
954 789 1011 825 his
1035 788 1208 825 Antiochi
1229 788 1353 832 fratre,
1385 786 1521 829 Aristo,
1551 788 1590 822 et
1612 789 1799 831 praeterea

122 849 293 886 Aristone
314 850 353 884 et
375 848 511 890 Dione,
544 847 676 893 quibus
704 846 766 881 ille
795 846 995 882 secundum
1024 845 1174 882 fratrem
1196 845 1389 891 plurimum
1411 843 1614 888 tribuebat,
1645 842 1798 878 multum

122 905 297 952 temporis
320 906 358 942 in
379 904 453 941 ista
474 913 549 941 una
571 903 817 949 disputatione
840 903 1137 949 consumpsimus.

235 961 279 998 L.
295 961 402 1006 mog.
423 960 492 1002 vn
517 962 583 997 164
617 960 655 996 in
683 959 894 996 Aristonum
929 960 1021 996 serie
1056 958 1166 1003 ἕκτος
1197 954 1454 1005 Ἀλεξανδρεὺς
1488 953 1798 1004 περιπατητικός.

116 1013 311 1065 ‘Lepidum
325 1017 580 1064 philosophum
596 1013 819 1053 Aristonem’
834 1017 945 1063 (Seu.
963 1028 1019 1064 ep.
1038 1020 1094 1063 29,
1112 1017 1157 1062 6)
1180 1027 1204 1052 a
1227 1015 1316 1051 Chio
1341 1015 1527 1059 distinguit
1548 1014 1578 1050 Ι.
1596 1014 1754 1059 Lipsius,
1778 1023 1801 1048 a

123 1079 262 1120 nostro,
285 1074 348 1121 qni
370 1074 553 1120 prioribus
576 1073 799 1120 temporibus
822 1074 962 1116 vixerit,
986 1072 1103 1108 Zeller
1126 1071 1199 1116 111,
1226 1074 1283 1117 1³,
1306 1074 1401 1108 6281.
1442 1072 1488 1107 cf.
1513 1070 1626 1107 FHG.
1651 1070 1708 1105 ΠΙ
1732 1072 1799 1105 324

123 1131 247 1176 mun„
277 1133 416 1169 susem.
441 1130 477 1167 Π
499 1142 538 1177 p.
556 1133 637 1174 308,
667 1130 809 1167 Gercke
833 1129 1086 1177 Pauly-Wiss.
1111 1128 1148 1164 11
1173 1131 1251 1165 956.

229 1188 308 1226 Ind.
325 1189 402 1225 Sto.
415 1187 570 1224 LXXIX
588 1192 601 1224 1
621 1187 811 1223 Stratoclis
827 1186 959 1223 Rhodii
974 1186 1121 1223 auditor
1135 1187 1267 1230 (Δι’)ων
1283 1181 1550 1232 Ἀλεξανδρεύς,
1566 1183 1614 1220 cf.
1633 1183 1799 1230 Compar.

124 1245 172 1282 ad
193 1246 233 1289 l.‚
256 1245 386 1291 Gomp.
407 1245 489 1282 Jen.
504 1255 542 1291 p.
560 1248 638 1282 607.
1837 1281 1843 1285 ,

239 1302 314 1341 Cic.
338 1313 406 1350 pro
429 1302 528 1339 Coel.
551 1301 587 1337 X
612 1305 657 1338 24
685 1310 801 1347 neque
832 1300 950 1337 solum
975 1300 1139 1344 Coelius,
1169 1299 1234 1336 sed
1262 1300 1370 1336 etism
1401 1298 1651 1335 adulescentes
1674 1299 1799 1333 huma-

124 1359 267 1396 nissimi
289 1363 327 1396 et
349 1358 550 1397 doctissimi
574 1386 583 1394 .
601 1386 610 1395 .
627 1385 637 1395 .
661 1358 768 1394 Titus
793 1358 978 1403 Gaiusque
1002 1356 1170 1403 Coponii,
1195 1356 1256 1403 qui
1279 1367 1325 1392 ex
1348 1357 1514 1392 omnibus
1539 1355 1692 1391 maxime
1716 1354 1800 1390 Dio-

124 1413 183 1451 nis
212 1418 365 1451 mortem
389 1415 599 1460 doluerunt,
631 1416 694 1462 qui
723 1426 806 1451 cum
829 1414 1015 1450 doctrinae
1045 1414 1165 1451 studio
1195 1418 1306 1459 atque
1330 1412 1565 1449 humanitatis
1592 1415 1670 1447 tum
1693 1411 1801 1447 etiam

125 1470 284 1518 hospitio
307 1471 436 1508 Dionis
458 1472 690 1509 tenebantur.
737 1472 928 1507 habitabat
950 1471 982 1506 is
1006 1471 1104 1517 apud
1126 1471 1171 1507 L.
1189 1470 1385 1506 Lucceium
1411 1498 1419 1505 .
1439 1497 1448 1505 .
1468 1497 1477 1505 .
1516 1468 1638 1504 fuerat
1660 1468 1694 1504 ei
1718 1478 1800 1512 cog-

125 1528 223 1565 nitus
247 1527 499 1565 Alexandriae.
534 1547 581 1553 --
613 1526 703 1563 XXI
726 1532 766 1565 51
802 1538 931 1564 aurum
961 1526 1113 1572 sumpsit
1142 1526 1232 1569 (scil.
1259 1526 1436 1571 Coelius),
1471 1530 1513 1561 ut
1536 1526 1672 1568 dicitis,
1707 1525 1802 1570 quod

126 1584 170 1620 L.
186 1584 335 1622 Lucceii
366 1585 480 1622 servis
510 1585 629 1628 daret,
658 1595 724 1631 per
754 1595 844 1632 quos
874 1583 1144 1620 Alexandrinus
1168 1582 1250 1627 Dio,
1283 1583 1345 1628 qui
1372 1585 1450 1619 tum
1477 1582 1576 1629 apud
1605 1581 1802 1618 Lucceium

127 1642 329 1688 habitabat,
353 1645 557 1678 necaretur.

242 1710 373 1747 Strabo
397 1710 522 1754 XVII,
549 1714 587 1755 1,
611 1713 651 1746 11
677 1713 770 1754 (796)
803 1709 875 1748 τόν
899 1705 1069 1757 Αὖλητήν
1093 1705 1334 1756 άφικόμενον
1364 1709 1418 1752 εἰς
1434 1704 1579 1755 Ῥώμην
1603 1705 1804 1753 δεξάμενος

129 1764 331 1814 Πομπήϊος
348 1764 510 1816 Μάγνος
533 1769 726 1815 συνίστησι
749 1771 796 1815 τῇ
813 1765 1007 1816 συγκλήτῳ
1022 1769 1088 1803 καὶ
1104 1763 1375 1814 διαπράττεται
1395 1762 1569 1801 κάθοδον
1584 1765 1654 1810 μὲν
1669 1763 1804 1813 τούτῳ,
1835 1772 1838 1775 “

128 1826 210 1861 τῶν
232 1824 272 1863 δὲ
294 1823 497 1873 πρέσβεων
520 1827 599 1862 τῶν
622 1826 813 1863 πλείστων
838 1821 979 1862 ἑκατὸν
1005 1822 1132 1862 ὄντων
1157 1821 1326 1871 ὄλεθρον
1348 1825 1428 1859 τῶν
1442 1817 1804 1869 καταπρεσβευσάν-

130 1894 210 1919 των
233 1877 371 1919 αὐτοῦ·
401 1877 611 1919 τούτων-δ’
633 1875 680 1929 ἧν
710 1884 774 1919 καὶ
800 1883 902 1919 Δίων
927 1878 949 1919 ὅ
974 1877 1245 1929 Ἀκαδημαϊκὸς
1274 1875 1601 1928 άρχιπρεσβευτὴς
1623 1874 1805 1926 γεγονώς.

245 1938 342 1975 Plut.
359 1939 480 1985 Symp.
497 1949 654 1985 prooem.
671 1939 688 1973 I
712 1940 843 1976 Δίωνα
867 1935 940 1976 τὸν
962 1936 1005 1983 ἐξ
1025 1934 1244 1986 Ἀκαδημίας
1272 1939 1437 1974 ultimum
1467 1946 1590 1972 eorum
1620 1936 1806 1970 enumerat

130 1995 366 2041 scriptorum,
389 1996 452 2042 qui
474 1993 613 2043 λόγους
635 1993 742 2043 παρὰ
767 1990 893 2033 πότον
907 1995 1137 2042 γενομένους
1160 1995 1380 2041 scripserint.
1421 1993 1468 2030 cf.
1485 1993 1695 2029 Athenaeus
1719 1991 1804 2037 epit.

131 2051 149 2087 1
173 2051 260 2096 341»,
289 2052 400 2089 FHG.
424 2052 477 2089 lv
500 2055 563 2089 391
590 2053 704 2095 Mun„
735 2052 825 2088 Zell.
850 2053 903 2088 111
931 2053 968 2088 1³
990 2063 1026 2099 p.
1043 2055 1146 2095 6091,
1179 2051 1358 2088 Susemihl
1380 2051 1416 2086 Π
1440 2062 1476 2096 p.
1493 2051 1572 2086 388.

246 2111 268 2145 9
296 2109 371 2146 Cic.
395 2109 440 2146 de
462 2110 558 2146 univ.
586 2113 602 2145 1
631 2110 675 2145 de
698 2109 738 2145 P.
754 2109 898 2155 Nigidio
923 2109 1150 2146 Carneadeo:
1187 2109 1248 2154 qui
1278 2119 1360 2144 cum
1390 2117 1447 2143 me
1476 2108 1514 2143 in
1539 2106 1700 2142 Ciliciam
1723 2116 1806 2151 pro·

131 2165 354 2203 nascentem
377 2166 514 2212 Ephesi
544 2167 828 2213 exspectavisset
849 2166 1002 2202 Romam
1031 2177 1077 2202 ex
1100 2165 1279 2210 legatione
1306 2165 1386 2211 ipse
1410 2164 1603 2209 decedens,
1633 2163 1805 2199 venisset-

133 2233 204 2269 que
226 2223 352 2260 eodem
375 2223 559 2270 Mytilenis
581 2224 653 2260 mei
676 2224 857 2260 salutandi
889 2226 925 2259 et
947 2223 1085 2260 visendi
1116 2232 1228 2258 causa
1253 2222 1458 2268 Cratippus,
1482 2219 1805 2267 Peripateticorum

133 2280 303 2327 omnium,
327 2291 418 2327 qnos
442 2281 582 2328 quidem
607 2291 672 2327 ego
696 2281 889 2325 audierim,
920 2290 1002 2316 meo
1026 2279 1160 2315 iudicio
1184 2279 1293 2315 facile
1316 2279 1499 2325 princeps,
1527 2277 1749 2323 perlibenter
1771 2280 1808 2312 et

132 2335 314 2383 Nigidium
335 2337 410 2374 vidi
433 2342 470 2374 et
493 2338 705 2383 Cratippum
730 2338 887 2383 cognovi.
943 2336 990 2372 cf.
1015 2337 1120 2372 Brut.
1146 2339 1209 2382 71,
1236 2338 1313 2372 250.

249 2394 406 2431 Trebon.
431 2395 536 2441 epist.
561 2394 608 2430 ad
632 2394 716 2431 fam.
741 2393 813 2429 XII
837 2396 879 2429 16
903 2394 1067 2429 Athenas
1091 2392 1173 2429 veni
1196 2402 1229 2428 a.
1247 2392 1282 2428 d.
1299 2392 1362 2428 XI.
1387 2392 1462 2428 kal.
1478 2391 1558 2427 Iun.
1584 2394 1629 2433 (a.
1649 2393 1728 2433 710)
1751 2392 1806 2425 at-

135 2461 204 2497 que
225 2450 296 2495 ibi,
320 2450 416 2497 quod
439 2451 593 2486 maxime
616 2450 801 2496 optabam,
825 2449 896 2486 vidi
918 2448 1031 2485 filium
1054 2452 1158 2486 tuum
1184 2478 1192 2485 .
1212 2476 1220 2485 .
1261 2451 1308 2493 (2)
1331 2449 1421 2484 illud
1445 2457 1589 2494 quoqne
1612 2446 1681 2482 erit
1703 2446 1808 2482 nobis

135 2517 256 2553 curae,
279 2511 321 2543 ut
344 2507 539 2553 Cratippus
563 2518 636 2543 una
658 2518 740 2544 cum
764 2517 806 2543 eo
831 2507 887 2543 sit.

250 2563 325 2600 Cic.
342 2564 368 2600 f.
387 2563 514 2600 Tironi
529 2563 635 2607 XVI,
660 2566 721 2606 21,
738 2566 759 2599 3
783 2563 957 2609 Cratippo
973 2572 1031 2599 me
1046 2562 1137 2599 scito
1154 2572 1227 2598 non
1245 2566 1286 2598 ut
1302 2562 1535 2607 discipulum,
1560 2560 1623 2596 sed
1639 2563 1680 2595 ut
1694 2559 1808 2594 filium

135 2630 215 2657 esse
238 2620 568 2657 coniunctissimum
593 2630 666 2666 eqs.

250 2677 325 2713 Cic.
342 2677 387 2713 de
403 2676 463 2713 off.
477 2677 507 2722 1,
528 2680 558 2722 1,
574 2681 588 2712 1
617 2685 830 2722 quamquam
846 2679 895 2718 te,
910 2675 1035 2712 Marce
1050 2675 1120 2720 fili,
1137 2686 1272 2711 annum
1288 2676 1359 2712 iam
1376 2675 1581 2711 audientem
1598 2673 1808 2719 Cratippum

135 2732 245 2780 idque
258 2734 413 2788 Athenis
436 2734 621 2770 abundare
637 2736 782 2779 oportet
796 2733 1001 2778 praeceptis
1018 2732 1265 2777 institutisque
1281 2731 1532 2777 philosophiae
1548 2732 1698 2776 propter
1712 2740 1807 2765 sum-

137 2801 234 2827 mam
250 2795 287 2827 et
301 2791 459 2828 doctoris
476 2790 729 2827 auctoritatem
751 2794 796 2826 et·
811 2789 911 2826 urbis
932 2799 1006 2836 eqs.
1033 2790 1079 2826 cf.
1099 2789 1170 2831 111,
1191 2791 1222 2831 2,
1236 2792 1268 2823 5.
1283 2791 1316 2825 6.
1345 2789 1390 2824 de
1406 2788 1513 2824 divin.
1528 2787 1557 2831 l,
1573 2790 1605 2830 3,
1621 2790 1658 2831 5;
1683 2788 1740 2831 32,
1753 2790 1807 2822 70.

250 2847 347 2885 Plut.
373 2848 446 2884 Cic.
472 2850 516 2884 24
550 2848 766 2896 Κρατίππῳ
797 2846 836 2884 δὲ
867 2849 922 2893 τῷ
954 2846 1243 2895 Περιπατητικῷ
1281 2842 1509 2892 διεπράξατο
1540 2843 1612 2890 μὲν
1634 2840 1810 2891 Ῥωμαίῳ

138 2903 319 2952 γενέσθαι
348 2904 454 2953 παρὰ
483 2905 682 2951 Καίσαρος
712 2901 903 2951 ἄρχοντος
926 2900 1011 2950 ἤδη,
1040 2896 1268 2949 διεπράξατο
1301 2902 1339 2939 δὲ
1363 2899 1431 2948 τὴν
1453 2900 1495 2945 ἐξ
1516 2896 1662 2947 Ἀρείου
1684 2896 1810 2947 πάγου

51 2958 53 2960 ’
138 2958 282 3009 βουλὴν
298 2963 545 3009 ψηφίσασθαι
567 2963 632 2999 καὶ
649 2964 825 3009 δεηθῆναι
849 2959 976 3006 μένειν
1001 2956 1120 2998 αὐτὸν
1141 2958 1184 2996 ἐν
1207 2954 1377 3005 Ἀθήναις
1393 2960 1457 2995 καὶ
1474 2957 1714 3006 διαλέγεσθαι
1729 2962 1811 2999 τοῖς
