2034 3230
908 113 1184 160 „ns-

209 230 426 275 cont'essus
447 233 511 273 est
527 231 569 282 ¹).
622 228 868 273 labentibus
897 228 1052 274 deinde
1080 229 1207 275 aunis
1235 230 1291 276 ab
1321 231 1504 288 impigro
1534 230 1756 277 doctrinae
1776 231 1878 289 Epi-

208 311 362 343 cureae
392 311 446 342 ex
478 296 695 340 cineribus
726 295 1117 341 Herculanensibus
1145 297 1498 355 redintegratore,
1529 304 1658 357 prout
1685 304 1877 358 potestas

208 366 356 410 oblata
400 369 486 420 est,
532 364 722 409 melioris
765 365 964 409 lectionis
1010 365 1211 421 exempla
1253 378 1308 410 ex
1353 367 1602 425 apographo
1642 366 1880 414 oxoniensi

208 434 370 491 petitae
384 435 416 483 2)
461 433 579 476 velut
616 433 662 475 in
701 437 970 478 antecessum
1017 446 1112 478 esse
1155 434 1314 478 emissa
1357 447 1443 479 non
1479 435 1679 489 ignorant
1721 437 1798 494 qui
1834 436 1880 479 in

209 501 359 546 eadem
398 500 543 545 studia
586 501 882 546 incumbentes
925 500 1101 545 tandem
1146 501 1382 558 aliquando
1424 501 1516 548 fore
1557 503 1791 561 sperabant
1833 507 1882 547 ut

207 570 404 627 partibus
442 568 632 612 disiectis
671 573 804 613 totum
841 570 1040 625 iungeret
1051 571 1100 622 ³).
1158 568 1246 612 iam
1277 582 1378 614 vero
1408 569 1720 617 illustrissimus
1748 571 1881 617 histo·

209 639 301 682 riae
340 636 623 694 philosophae
654 636 850 682 Graecae
890 642 1040 682 auctor
1077 637 1178 681 dum
1218 637 1452 683 maioribus
1489 637 1759 696 distringitur
1784 652 1881 696 pro·

209 707 381 764 positis,
427 705 639 762 quidquid
684 705 741 749 ad
784 706 884 750 libri
930 706 1159 751 editionem
1206 705 1531 751 instaurandam
1573 720 1654 765 per
1695 706 1883 764 amplius

209 779 372 832 septem
412 775 549 818 lustra
585 773 840 830 collegerat,
879 775 925 818 in
966 774 1031 818 his
1061 774 1322 831 exemplaris
1352 773 1613 821 Oxoniensis
1646 776 1882 833 imaginem

210 842 427 887 schedulis
456 841 684 899 pellucidis
713 841 864 886 sedulo
884 843 1164 899 perscriptam
1180 845 1227 898 ⁴),
1259 841 1415 888 abhinc
1434 843 1525 888 fere
1543 844 1718 889 biennio
1734 842 1884 902 perbe-

211 912 341 967 nigne
371 924 510 954 meum
549 913 591 953 in
621 923 744 954 usum
775 911 1003 966 concessit,
1045 911 1119 967 qui
1149 912 1348 968 quamvis
1385 912 1652 958 salebramm
1688 911 1884 957 conscius

210 978 419 1023 eiusmodi
449 991 556 1035 opus
576 977 847 1033 adgredienti
869 992 1003 1035 usque
1025 993 1198 1036 quaque
1218 980 1442 1024 obviatum
1463 980 1702 1026 detrectare
1729 991 1884 1024 munus

210 1046 486 1091 honorificum
517 1047 740 1091 noluerim.
789 1060 927 1091 novae
948 1052 1091 1091 autem
1113 1049 1375 1092 recensionis
1403 1048 1686 1093 fundamenta
1706 1047 1885 1093 iacienti

211 1121 253 1160 et
291 1117 335 1159 in
366 1115 459 1159 dies
498 1115 637 1171 magIs
668 1115 893 1171 magisque
931 1115 986 1159 iis
1017 1115 1320 1172 discrepantiis
1354 1117 1587 1161 sollicitato
1626 1130 1740 1174 quae
1772 1115 1887 1161 inter

210 1184 447 1239 Anglorum
487 1184 710 1240 exemplar
748 1188 791 1228 et
820 1183 992 1228 tabulas
1031 1183 1086 1227 ab
1117 1184 1241 1228 Italis
1271 1184 1410 1230 editas
1440 1185 1730 1240 intercedunt,
1769 1183 1886 1230 idem

211 1252 316 1295 mihi
350 1252 530 1306 contigit
568 1251 682 1307 quod
711 1251 832 1296 brevi
870 1256 966 1308 post
999 1251 1298 1308 Gomperzium
1333 1253 1588 1298 Dominicus
1623 1252 1885 1311 compuncti

211 1320 449 1364 Stoicorum
480 1318 667 1363 indicem
696 1319 812 1363 foras
842 1319 1021 1364 daturus
1051 1334 1130 1364 usu
1162 1319 1373 1365 didicerat
1388 1324 1432 1378 ⁵),
1468 1325 1515 1366 ut
1544 1321 1763 1366 volumine
1790 1321 1887 1378 ipso

211 1388 404 1444 inspecto
434 1387 657 1444 scrupulos
696 1387 794 1432 illos
824 1401 1097 1446 quacumque
1127 1389 1294 1433 ratione
1326 1389 1512 1434 evellere
1550 1389 1688 1434 satius
1719 1388 1885 1434 videre·

210 1460 291 1499 tur.
351 1459 515 1511 quanta
545 1459 690 1499 autem
729 1469 825 1499 cum
855 1469 1064 1500 aerumna
1101 1458 1147 1501 in
1177 1457 1243 1501 his
1272 1458 1445 1501 laciniis
1474 1458 1606 1515 plane
1639 1456 1805 1503 adustis
1843 1461 1887 1502 et

211 1523 404 1567 contritis
442 1523 671 1567 atramenti
710 1524 949 1568 concoloris
978 1525 1165 1580 vestigia
1194 1529 1345 1570 teneas
1382 1526 1484 1570 dum
1521 1526 1568 1570 in
1597 1525 1743 1571 formis
1771 1526 1887 1570 litte·

210 1606 351 1635 rarum
384 1590 725 1635 internoscendis
755 1590 962 1647 desudas,
1007 1605 1224 1649 quamque
1254 1607 1385 1651 saepe
1414 1594 1529 1639 oculi
1558 1594 1629 1639 vel
1655 1594 1767 1639 vitro
1796 1608 1886 1639 mu·

211 1661 290 1704 niti
329 1660 560 1714 caliginem
601 1658 815 1704 discutere
845 1659 1155 1704 Telchinumve
1192 1661 1361 1706 illorum
1400 1661 1588 1707 ludibria
1624 1662 1886 1720 nequiquam

212 1727 387 1772 eludere
417 1726 631 1780 studeant,
663 1727 738 1783 qui
761 1727 1048 1784 Comparettio
1077 1730 1341 1785 sovrapposti
1362 1734 1404 1775 et
1423 1729 1653 1787 sottoposti,
1683 1729 1888 1788 opercula

211 1809 287 1839 seu
326 1795 536 1850 tegimina
579 1798 621 1838 et
660 1796 895 1839 statumina
939 1796 1043 1839 mihi
1088 1797 1286 1854 audiunt,
1333 1799 1522 1856 expertis
1560 1812 1764 1844 enarrare
1796 1798 1886 1844 lon-

212 1876 314 1918 gum
346 1864 470 1914 estss).
529 1875 641 1918 quae
672 1876 767 1906 cum
798 1863 862 1906 ita
891 1864 988 1914 sint,
1019 1866 1318 1919 percommode
1349 1866 1508 1911 accidit
1537 1866 1652 1924 quod
1682 1879 1779 1911 cum
1805 1878 1886 1923 ego

330 2002 360 2041 1)
385 1997 560 2043 Anzeiger
584 1996 619 2033 d.
638 1997 681 2033 K.
699 1996 818 2034 Aksd.
835 1997 871 2034 d.
890 1997 1001 2035 Wiss.
1025 2002 1123 2043 1870,
1147 2004 1180 2036 6.
1199 2001 1307 2047 Apr.;
1331 2001 1410 2037 Jon.
1428 2001 1471 2038 L.
1487 2001 1528 2038 Z.
1549 2013 1584 2048 p.
1603 2005 1680 2039 603.

329 2059 363 2097 2)
386 2054 442 2090 Cf.
468 2054 597 2090 Philol.
613 2054 704 2090 Anz.
724 2054 759 2090 11
784 2057 901 2098 (1870)
925 2066 959 2102 p.
978 2059 1034 2092 67.

329 2115 362 2154 3)
387 2111 536 2147 Praeter
560 2110 695 2156 scripta
718 2111 753 2146 in
778 2111 962 2156 signorum
995 2112 1154 2150 indiculo
1178 2124 1213 2160 p.
1241 2117 1256 2150 1
1283 2117 1495 2151 enumerata
1526 2115 1573 2151 cf.
1599 2114 1739 2153 Platon.
1763 2116 1881 2161 Aul...

214 2168 457 2213 Sltzungsber.
477 2167 511 2203 d.
530 2166 628 2203 Kais.
647 2167 778 2210 Akad„
806 2168 1000 2214 phil-hist.
1018 2169 1085 2212 el„
1113 2170 1177 2206 Bd.
1195 2170 1310 2207 CXLI
1327 2174 1457 2215 (1899),
1482 2175 1513 2207 7.
1527 2172 1633 2217 Abh„
1657 2182 1692 2219 p.
1711 2174 1742 2209 8.

326 2228 361 2266 4)
386 2223 440 2260 cf.
467 2223 611 2260 Hercul.
637 2223 752 2268 stud„
776 2225 823 2260 ΙΙ.
842 2224 940 2270 Hert,
964 2236 999 2271 p.
1017 2226 1080 2262 IX.
1109 2247 1152 2253 —
1187 2226 1292 2273 Quod
1315 2228 1465 2275 insuper
1488 2228 1694 2267 ubulsrum
1718 2231 1885 2278 phototy-

214 2292 341 2327 parum
372 2280 586 2318 collectione
610 2280 807 2317 Bodleian·
828 2282 911 2323 (vol.
930 2281 979 2317 1v
1004 2294 1038 2318 n.
1057 2286 1251 2329 718-761)
1282 2285 1377 2320 intra
1407 2294 1524 2322 meum
1556 2285 1665 2323 limen
1696 2285 1750 2323 uti
1772 2286 1886 2330 uouit,

214 2338 365 2374 eximiae
380 2337 529 2382 Josephl
547 2337 773 2383 Ksrabscek,
798 2337 1039 2375 bibliothecae
1056 2340 1255 2378 Caesareae
1270 2341 1457 2388 praefecti,
1482 2342 1690 2379 liberalitati
1706 2342 1830 2381 debeo.

329 2397 362 2436 5)
386 2394 519 2440 Paplro
543 2394 652 2431 ercol.
675 2394 768 2431 ined.
792 2405 828 2440 p.
845 2397 877 2431 4.

329 2453 362 2493 6)
388 2451 441 2487 Cf.
457 2451 666 2497 Humphrey
679 2451 780 2497 Davy
796 2462 853 2497 ap.
868 2451 1020 2488 Gardth.
1036 2452 1099 2489 Gr.
1113 2453 1188 2490 Pal.
1204 2465 1238 2500 p.
1250 2458 1305 2500 57,
1330 2455 1518 2502 Gomperz,
1535 2456 1714 2494 zeitschr.
1729 2455 1800 2494 nd.
1813 2459 1883 2495 fist.

215 2509 340 2554 Gymn.
363 2510 446 2544 1867
466 2519 501 2554 p.
522 2511 551 2544 1.
589 2508 822 2554 Comparettii
847 2509 957 2545 verba
980 2508 1103 2545 Relaz.
1120 2521 1155 2557 p.
1175 2514 1238 2548 172
1257 2508 1312 2548 ‘Ia
1335 2512 1530 2559 superficie
1552 2512 1733 2561 inequale,
1756 2522 1883 2551 oom-

213 2570 315 2611 qaia,
339 2570 534 2608 scrostata,
558 2565 746 2607 lacunosa,
771 2575 897 2612 spesso
922 2565 1038 2602 anche
1061 2565 1203 2603 lucerne
1226 2578 1328 2605 come
1351 2569 1380 2605 it
1393 2568 1564 2613 carbone,
1587 2570 1616 2606 ic
1630 2569 1754 2608 colore
1772 2578 1884 2607 two

214 2633 234 2657 e
258 2621 410 2658 talvolta
434 2621 566 2668 affauo
592 2632 694 2667 nero,
717 2633 776 2658 ma
799 2623 837 2658 in
853 2622 1026 2669 qenerale
1051 2627 1152 2660 tanto
1175 2635 1283 2661 scaro
1307 2631 1445 2672 quanto
1468 2625 1590 2673 queue
1613 2625 1674 2663 den·
1695 2625 1883 2669 σηπία-ι’.

214 2678 378 2714 rendono
401 2679 535 2724 alfano
560 2689 653 2715 vano
678 2679 888 2726 qualunquc
915 2680 1088 2717 tentativo
1113 2680 1152 2717 da·
1174 2681 1441 2729 ripn-oduazt'onc
1460 2677 1703 2730 soloqrafiu'
1729 2680 1816 2720 lieet
1837 2682 1884 2720 de

215 2734 453 2770 voluminibus
484 2735 520 2771 in
546 2736 749 2772 universum
774 2736 871 2772 dicta
895 2737 984 2782 sint,
1017 2738 1139 2775 nescio
1171 2738 1231 2775 cul
1254 2739 1367 2783 magis
1398 2739 1611 2775 conveniant
1640 2747 1748 2785 quun
1769 2738 1804 2776 el
1837 2738 1883 2776 de

216 2802 286 2837 quo
310 2791 460 2837 agimus.
478 2812 520 2817 -
552 2791 606 2828 De
630 2792 856 2837 tegiminibus
881 2794 1206 2840 statuminibusque
1228 2794 1427 2832 tractandis
1451 2794 1499 2831 cf.
1518 2795 1685 2841 comper.
1700 2793 1791 2842 rap.
1807 2804 1880 2833 uc.

216 2859 250 2893 p.
274 2852 311 2883 10
324 2858 412 2894 sqq..
437 2850 588 2884 Gronert
612 2849 655 2885 N.
673 2849 823 2885 Jahrbb.
842 2850 893 2886 111
911 2855 1027 2893 (1900)
1043 2862 1079 2897 p.
1097 2854 1175 2887 590.
1192 2870 1238 2877 -
1261 2850 1397 2887 Charta
1421 2851 1501 2897 ipsa
1523 2860 1596 2897 qua
1609 2850 1779 2888 librarius
1802 2856 1879 2888 ute·

216 2904 322 2940 batur
347 2904 467 2941 nescio
492 2916 538 2941 an
563 2906 754 2951 superficie
778 2906 964 2944 salebrosa
987 2906 1217 2951 laboraverit,
1241 2916 1313 2953 qua
1330 2906 1504 2944 nonnulla
1525 2910 1630 2954 parte
1650 2906 1794 2945 litterae
1815 2913 1882 2945 sut
