<?xml version="1.0" encoding="UTF-8"?>
<!DOCTYPE html PUBLIC "-//W3C//DTD XHTML 1.0 Transitional//EN"
    "http://www.w3.org/TR/xhtml1/DTD/xhtml1-transitional.dtd">
<html xmlns="http://www.w3.org/1999/xhtml" xml:lang="en" lang="en">
 <head>
  <title>
</title>
<meta http-equiv="Content-Type" content="text/html;charset=utf-8" />
  <meta name='ocr-system' content='tesseract 3.04.00' />
  <meta name='ocr-capabilities' content='ocr_page ocr_carea ocr_par ocr_line ocrx_word'/>
</head>
<body>
  <div class='ocr_page' id='page_1' title='image "./academicorumphil00mekluoft_0030.png"; bbox 0 0 2034 3230; ppageno 0'>
   <div class='ocr_carea' id='block_1_1' title="bbox 183 272 1864 1562">
    <p class='ocr_par' dir='ltr' id='par_1_1' title="bbox 183 272 1860 459">
     <span class='ocr_line' id='line_1_1' title="bbox 183 272 1859 339; baseline 0.007 -24"><span class='ocrx_word' id='word_1_1' title='bbox 183 273 428 316; x_wconf 87' lang='lat' dir='ltr'>Philisco</span> <span class='ocrx_word' id='word_1_2' title='bbox 472 272 703 329; x_wconf 81' lang='lat' dir='ltr'>Aegineta,</span> <span class='ocrx_word' id='word_1_3' title='bbox 754 274 964 329; x_wconf 75' lang='lat' dir='ltr'>Diogenis</span> <span class='ocrx_word' id='word_1_4' title='bbox 1012 274 1263 333; x_wconf 71' lang='lat' dir='ltr'>Sinopensis</span> <span class='ocrx_word' id='word_1_5' title='bbox 1311 277 1524 336; x_wconf 85' lang='lat' dir='ltr'>discipulo</span> <span class='ocrx_word' id='word_1_6' title='bbox 1542 283 1571 331; x_wconf 90' lang='lat'>¹)</span> <span class='ocrx_word' id='word_1_7' title='bbox 1621 280 1859 339; x_wconf 84' lang='lat' dir='ltr'>eodemque</span> 
     </span>
     <span class='ocr_line' id='line_1_2' title="bbox 183 339 1860 404; baseline 0.007 -21"><span class='ocrx_word' id='word_1_8' title='bbox 183 339 421 384; x_wconf 80' lang='lat' dir='ltr'><strong>Alexandri</strong></span> <span class='ocrx_word' id='word_1_9' title='bbox 466 339 617 395; x_wconf 78' lang='lat' dir='ltr'>Magni</span> <span class='ocrx_word' id='word_1_10' title='bbox 659 345 939 398; x_wconf 90' lang='lat' dir='ltr'>praeceptore</span> <span class='ocrx_word' id='word_1_11' title='bbox 958 344 1018 398; x_wconf 86' lang='grc'>2),</span> <span class='ocrx_word' id='word_1_12' title='bbox 1069 344 1230 389; x_wconf 91' lang='lat' dir='ltr'>arbitro</span> <span class='ocrx_word' id='word_1_13' title='bbox 1278 358 1333 390; x_wconf 84' lang='lat' dir='ltr'>ex</span> <span class='ocrx_word' id='word_1_14' title='bbox 1378 360 1464 404; x_wconf 89' lang='lat' dir='ltr'>quo</span> <span class='ocrx_word' id='word_1_15' title='bbox 1512 361 1601 392; x_wconf 89' lang='lat' dir='ltr'>rem</span> <span class='ocrx_word' id='word_1_16' title='bbox 1643 349 1860 394; x_wconf 79' lang='lat' dir='ltr'><strong>audiverit</strong></span> 
     </span>
     <span class='ocr_line' id='line_1_3' title="bbox 183 410 387 459; baseline -0.015 -8"><span class='ocrx_word' id='word_1_17' title='bbox 183 412 328 451; x_wconf 79' lang='lat' dir='ltr'>utatur</span> <span class='ocrx_word' id='word_1_18' title='bbox 341 410 387 459; x_wconf 82' lang='lat'>³).</span> 
     </span>
    </p>

    <p class='ocr_par' dir='ltr' id='par_1_2' title="bbox 183 474 1864 1562">
     <span class='ocr_line' id='line_1_4' title="bbox 296 474 1860 535; baseline 0.01 -18"><span class='ocrx_word' id='word_1_19' title='bbox 296 474 351 519; x_wconf 88' lang='lat' dir='ltr'>de</span> <span class='ocrx_word' id='word_1_20' title='bbox 380 474 712 519; x_wconf 76' lang='lat' dir='ltr'>Philochoro</span> <span class='ocrx_word' id='word_1_21' title='bbox 751 476 805 521; x_wconf 84' lang='lat' dir='ltr'>of.</span> <span class='ocrx_word' id='word_1_22' title='bbox 835 490 949 534; x_wconf 86' lang='lat' dir='ltr'>quae</span> <span class='ocrx_word' id='word_1_23' title='bbox 987 491 1058 535; x_wconf 89' lang='lat' dir='ltr'>pp.</span> <span class='ocrx_word' id='word_1_24' title='bbox 1082 481 1147 535; x_wconf 85' lang='lat'>19,</span> <span class='ocrx_word' id='word_1_25' title='bbox 1180 481 1232 523; x_wconf 89' lang='grc'>37</span> <span class='ocrx_word' id='word_1_26' title='bbox 1273 479 1390 526; x_wconf 89' lang='lat' dir='ltr'>dieta</span> <span class='ocrx_word' id='word_1_27' title='bbox 1418 487 1531 528; x_wconf 90' lang='lat' dir='ltr'>sunt.</span> <span class='ocrx_word' id='word_1_28' title='bbox 1589 485 1726 531; x_wconf 83' lang='lat' dir='ltr'>altero</span> <span class='ocrx_word' id='word_1_29' title='bbox 1764 487 1860 532; x_wconf 88' lang='lat' dir='ltr'>loeo</span> 
     </span>
     <span class='ocr_line' id='line_1_5' title="bbox 183 542 1860 610; baseline 0.008 -24"><span class='ocrx_word' id='word_1_30' title='bbox 183 542 260 595; x_wconf 89' lang='lat' dir='ltr'>(VI</span> <span class='ocrx_word' id='word_1_31' title='bbox 282 545 366 598; x_wconf 84' lang='lat'>32),</span> <span class='ocrx_word' id='word_1_32' title='bbox 396 543 471 587; x_wconf 92' lang='lat' dir='ltr'>ubi</span> <span class='ocrx_word' id='word_1_33' title='bbox 493 556 646 587; x_wconf 91' lang='lat' dir='ltr'>nomen</span> <span class='ocrx_word' id='word_1_34' title='bbox 667 557 695 587; x_wconf 89' lang='lat' dir='ltr'>a</span> <span class='ocrx_word' id='word_1_35' title='bbox 714 544 979 590; x_wconf 89' lang='lat' dir='ltr'>Buechelero</span> <span class='ocrx_word' id='word_1_36' title='bbox 1008 551 1259 602; x_wconf 83' lang='lat' dir='ltr'>suggestum</span> <span class='ocrx_word' id='word_1_37' title='bbox 1279 548 1542 596; x_wconf 85' lang='lat' dir='ltr'>confidenter</span> <span class='ocrx_word' id='word_1_38' title='bbox 1561 553 1774 610; x_wconf 79' lang='lat' dir='ltr'>supplevi,</span> <span class='ocrx_word' id='word_1_39' title='bbox 1805 553 1860 600; x_wconf 91' lang='lat' dir='ltr'>de</span> 
     </span>
     <span class='ocr_line' id='line_1_6' title="bbox 184 611 1860 679; baseline 0.007 -24"><span class='ocrx_word' id='word_1_40' title='bbox 184 611 426 669; x_wconf 79' lang='lat' dir='ltr'>Speusippo</span> <span class='ocrx_word' id='word_1_41' title='bbox 457 611 703 656; x_wconf 80' lang='lat' dir='ltr'>Gratiarum</span> <span class='ocrx_word' id='word_1_42' title='bbox 734 614 968 658; x_wconf 89' lang='lat' dir='ltr'>simulacra</span> <span class='ocrx_word' id='word_1_43' title='bbox 998 614 1228 660; x_wconf 77' lang='lat' dir='ltr'>dedicante</span> <span class='ocrx_word' id='word_1_44' title='bbox 1258 617 1414 672; x_wconf 80' lang='lat' dir='ltr'>agitur,</span> <span class='ocrx_word' id='word_1_45' title='bbox 1453 632 1595 676; x_wconf 88' lang='lat' dir='ltr'>neque</span> <span class='ocrx_word' id='word_1_46' title='bbox 1623 619 1860 679; x_wconf 74' lang='lat' dir='ltr'>quidquam</span> 
     </span>
     <span class='ocr_line' id='line_1_7' title="bbox 183 680 1861 743; baseline 0.008 -20"><span class='ocrx_word' id='word_1_47' title='bbox 183 680 354 724; x_wconf 86' lang='lat' dir='ltr'>obstare</span> <span class='ocrx_word' id='word_1_48' title='bbox 374 680 514 736; x_wconf 88' lang='lat' dir='ltr'>video,</span> <span class='ocrx_word' id='word_1_49' title='bbox 546 682 773 737; x_wconf 77' lang='lat' dir='ltr'>quominus</span> <span class='ocrx_word' id='word_1_50' title='bbox 804 686 878 725; x_wconf 88' lang='lat' dir='ltr'>aut</span> <span class='ocrx_word' id='word_1_51' title='bbox 899 687 1042 727; x_wconf 89' lang='lat' dir='ltr'>noster</span> <span class='ocrx_word' id='word_1_52' title='bbox 1065 689 1141 728; x_wconf 85' lang='lat' dir='ltr'>aut</span> <span class='ocrx_word' id='word_1_53' title='bbox 1161 685 1276 741; x_wconf 90' lang='lat' dir='ltr'>quod</span> <span class='ocrx_word' id='word_1_54' title='bbox 1305 686 1573 743; x_wconf 73' lang='lat' dir='ltr'>probabilius</span> <span class='ocrx_word' id='word_1_55' title='bbox 1601 689 1639 733; x_wconf 91' lang='lat' dir='ltr'>is</span> <span class='ocrx_word' id='word_1_56' title='bbox 1660 702 1716 734; x_wconf 87' lang='lat' dir='ltr'>ex</span> <span class='ocrx_word' id='word_1_57' title='bbox 1737 689 1861 736; x_wconf 87' lang='lat' dir='ltr'>euius</span> 
     </span>
     <span class='ocr_line' id='line_1_8' title="bbox 184 749 1861 808; baseline 0.007 -17"><span class='ocrx_word' id='word_1_58' title='bbox 184 749 317 793; x_wconf 83' lang='lat' dir='ltr'>hortis</span> <span class='ocrx_word' id='word_1_59' title='bbox 345 749 506 793; x_wconf 77' lang='lat' dir='ltr'>rivulos</span> <span class='ocrx_word' id='word_1_60' title='bbox 535 762 635 793; x_wconf 89' lang='lat' dir='ltr'>suos</span> <span class='ocrx_word' id='word_1_61' title='bbox 665 749 790 793; x_wconf 89' lang='lat' dir='ltr'>duxit</span> <span class='ocrx_word' id='word_1_62' title='bbox 820 750 931 794; x_wconf 87' lang='lat' dir='ltr'>hano</span> <span class='ocrx_word' id='word_1_63' title='bbox 952 764 1123 808; x_wconf 88' lang='lat' dir='ltr'>quoque</span> <span class='ocrx_word' id='word_1_64' title='bbox 1153 766 1241 797; x_wconf 84' lang='lat' dir='ltr'>rem</span> <span class='ocrx_word' id='word_1_65' title='bbox 1264 767 1319 798; x_wconf 86' lang='lat' dir='ltr'>ex</span> <span class='ocrx_word' id='word_1_66' title='bbox 1340 755 1519 800; x_wconf 85' lang='lat' dir='ltr'>Atthide</span> <span class='ocrx_word' id='word_1_67' title='bbox 1548 760 1768 802; x_wconf 85' lang='lat' dir='ltr'>mutuatus</span> <span class='ocrx_word' id='word_1_68' title='bbox 1789 757 1861 804; x_wconf 84' lang='lat' dir='ltr'>sit.</span> 
     </span>
     <span class='ocr_line' id='line_1_9' title="bbox 183 817 1862 882; baseline 0.007 -22"><span class='ocrx_word' id='word_1_69' title='bbox 183 830 289 861; x_wconf 90' lang='lat' dir='ltr'>sane</span> <span class='ocrx_word' id='word_1_70' title='bbox 309 817 632 862; x_wconf 89' lang='lat' dir='ltr'>celeberrimum</span> <span class='ocrx_word' id='word_1_71' title='bbox 663 817 771 861; x_wconf 89' lang='lat' dir='ltr'>illud</span> <span class='ocrx_word' id='word_1_72' title='bbox 793 817 1026 876; x_wconf 86' lang='lat' dir='ltr'>Speusippi</span> <span class='ocrx_word' id='word_1_73' title='bbox 1056 821 1323 877; x_wconf 85' lang='lat' dir='ltr'>epigramma</span> <span class='ocrx_word' id='word_1_74' title='bbox 1351 823 1397 867; x_wconf 91' lang='lat' dir='ltr'>in</span> <span class='ocrx_word' id='word_1_75' title='bbox 1416 824 1731 882; x_wconf 84' lang='lat' dir='ltr'>stelocoparum</span> <span class='ocrx_word' id='word_1_76' title='bbox 1751 827 1862 872; x_wconf 80' lang='lat' dir='ltr'>anti·</span> 
     </span>
     <span class='ocr_line' id='line_1_10' title="bbox 184 885 1861 952; baseline 0.007 -23"><span class='ocrx_word' id='word_1_77' title='bbox 184 886 378 941; x_wconf 82' lang='lat' dir='ltr'>quissimi</span> <span class='ocrx_word' id='word_1_78' title='bbox 410 885 739 941; x_wconf 73' lang='grc' dir='ltr'><strong><em>Ἐπιγράμμασιν</em></strong></span> <span class='ocrx_word' id='word_1_79' title='bbox 772 886 975 940; x_wconf 77' lang='grc' dir='ltr'><strong><em>Ἀττικοῖς</em></strong></span> <span class='ocrx_word' id='word_1_80' title='bbox 988 890 1020 941; x_wconf 81' lang='lat'>⁴)</span> <span class='ocrx_word' id='word_1_81' title='bbox 1058 901 1143 932; x_wconf 87' lang='lat' dir='ltr'>non</span> <span class='ocrx_word' id='word_1_82' title='bbox 1173 889 1376 935; x_wconf 78' lang='lat' dir='ltr'>defuerit:</span> <span class='ocrx_word' id='word_1_83' title='bbox 1422 892 1500 937; x_wconf 82' lang='lat' dir='ltr'>sed</span> <span class='ocrx_word' id='word_1_84' title='bbox 1529 893 1655 938; x_wconf 85' lang='lat' dir='ltr'>huius</span> <span class='ocrx_word' id='word_1_85' title='bbox 1689 907 1861 952; x_wconf 73' lang='lat' dir='ltr'>eorpus·</span> 
     </span>
     <span class='ocr_line' id='line_1_11' title="bbox 184 954 1863 1020; baseline 0.007 -24"><span class='ocrx_word' id='word_1_86' title='bbox 184 954 270 996; x_wconf 89' lang='lat' dir='ltr'>culi</span> <span class='ocrx_word' id='word_1_87' title='bbox 306 954 513 998; x_wconf 88' lang='lat' dir='ltr'>memoria</span> <span class='ocrx_word' id='word_1_88' title='bbox 551 958 652 998; x_wconf 88' lang='lat' dir='ltr'>ante</span> <span class='ocrx_word' id='word_1_89' title='bbox 689 959 858 1012; x_wconf 89' lang='lat' dir='ltr'>tempus</span> <span class='ocrx_word' id='word_1_90' title='bbox 901 955 1144 1001; x_wconf 86' lang='lat' dir='ltr'>abolevisse</span> <span class='ocrx_word' id='word_1_91' title='bbox 1185 957 1366 1003; x_wconf 87' lang='lat' dir='ltr'>videtur.</span> <span class='ocrx_word' id='word_1_92' title='bbox 1425 966 1539 1006; x_wconf 88' lang='lat' dir='ltr'>certe</span> <span class='ocrx_word' id='word_1_93' title='bbox 1578 962 1863 1020; x_wconf 84' lang='lat' dir='ltr'>Harpocratio</span> 
     </span>
     <span class='ocr_line' id='line_1_12' title="bbox 185 1021 1863 1083; baseline 0.007 -19"><span class='ocrx_word' id='word_1_94' title='bbox 185 1021 306 1065; x_wconf 90' lang='lat' dir='ltr'>aliud</span> <span class='ocrx_word' id='word_1_95' title='bbox 340 1022 627 1079; x_wconf 82' lang='lat' dir='ltr'>epigramma,</span> <span class='ocrx_word' id='word_1_96' title='bbox 667 1022 776 1067; x_wconf 90' lang='lat' dir='ltr'>illud</span> <span class='ocrx_word' id='word_1_97' title='bbox 814 1023 930 1080; x_wconf 91' lang='lat' dir='ltr'>quod</span> <span class='ocrx_word' id='word_1_98' title='bbox 964 1037 1117 1069; x_wconf 88' lang='lat' dir='ltr'>novem</span> <span class='ocrx_word' id='word_1_99' title='bbox 1159 1026 1404 1083; x_wconf 85' lang='lat' dir='ltr'>archontes,</span> <span class='ocrx_word' id='word_1_100' title='bbox 1444 1042 1540 1073; x_wconf 89' lang='lat' dir='ltr'>cum</span> <span class='ocrx_word' id='word_1_101' title='bbox 1578 1030 1863 1076; x_wconf 80' lang='lat' dir='ltr'>Athenienses</span> 
     </span>
     <span class='ocr_line' id='line_1_13' title="bbox 185 1090 1863 1156; baseline 0.007 -24"><span class='ocrx_word' id='word_1_102' title='bbox 185 1090 412 1134; x_wconf 86' lang='lat' dir='ltr'>Piraeeum</span> <span class='ocrx_word' id='word_1_103' title='bbox 444 1091 705 1135; x_wconf 91' lang='lat' dir='ltr'>communire</span> <span class='ocrx_word' id='word_1_104' title='bbox 735 1092 990 1149; x_wconf 87' lang='lat' dir='ltr'>coepissent,</span> <span class='ocrx_word' id='word_1_105' title='bbox 1021 1094 1233 1139; x_wconf 77' lang='lat' dir='ltr'>Mercurio</span> <span class='ocrx_word' id='word_1_106' title='bbox 1265 1095 1321 1139; x_wconf 89' lang='lat' dir='ltr'>ad</span> <span class='ocrx_word' id='word_1_107' title='bbox 1351 1097 1565 1152; x_wconf 88' lang='lat' dir='ltr'>portulam</span> <span class='ocrx_word' id='word_1_108' title='bbox 1594 1098 1863 1156; x_wconf 84' lang='lat' dir='ltr'>inscripsisse</span> 
     </span>
     <span class='ocr_line' id='line_1_14' title="bbox 184 1158 1864 1224; baseline 0.006 -23"><span class='ocrx_word' id='word_1_109' title='bbox 184 1158 270 1202; x_wconf 85' lang='lat' dir='ltr'>fert</span> <span class='ocrx_word' id='word_1_110' title='bbox 281 1162 328 1214; x_wconf 77' lang='lat'>⁶),</span> <span class='ocrx_word' id='word_1_111' title='bbox 375 1159 420 1202; x_wconf 94' lang='lat' dir='ltr'>in</span> <span class='ocrx_word' id='word_1_112' title='bbox 461 1159 652 1204; x_wconf 88' lang='lat' dir='ltr'>eiusdem</span> <span class='ocrx_word' id='word_1_113' title='bbox 690 1162 910 1217; x_wconf 85' lang='lat' dir='ltr'>scriptoris</span> <span class='ocrx_word' id='word_1_114' title='bbox 940 1162 1117 1206; x_wconf 89' lang='lat' dir='ltr'>Atthide</span> <span class='ocrx_word' id='word_1_115' title='bbox 1156 1163 1284 1219; x_wconf 82' lang='lat' dir='ltr'>legit,</span> <span class='ocrx_word' id='word_1_116' title='bbox 1324 1177 1376 1208; x_wconf 87' lang='lat' dir='ltr'>ae</span> <span class='ocrx_word' id='word_1_117' title='bbox 1414 1164 1589 1222; x_wconf 91' lang='lat' dir='ltr'>quidem</span> <span class='ocrx_word' id='word_1_118' title='bbox 1627 1166 1675 1210; x_wconf 91' lang='lat' dir='ltr'>in</span> <span class='ocrx_word' id='word_1_119' title='bbox 1712 1166 1864 1224; x_wconf 89' lang='lat' dir='ltr'>quinto</span> 
     </span>
     <span class='ocr_line' id='line_1_15' title="bbox 186 1226 1864 1291; baseline 0.006 -21"><span class='ocrx_word' id='word_1_120' title='bbox 186 1226 296 1271; x_wconf 88' lang='lat' dir='ltr'>libro</span> <span class='ocrx_word' id='word_1_121' title='bbox 328 1226 422 1282; x_wconf 79' lang='lat' dir='ltr'>(frg.</span> <span class='ocrx_word' id='word_1_122' title='bbox 452 1229 501 1271; x_wconf 90' lang='lat'>81</span> <span class='ocrx_word' id='word_1_123' title='bbox 536 1229 731 1280; x_wconf 77' lang='lat' dir='ltr'>Mull.)⁶).</span> <span class='ocrx_word' id='word_1_124' title='bbox 791 1234 839 1273; x_wconf 90' lang='lat' dir='ltr'>ut</span> <span class='ocrx_word' id='word_1_125' title='bbox 867 1234 1011 1275; x_wconf 88' lang='lat' dir='ltr'>autem</span> <span class='ocrx_word' id='word_1_126' title='bbox 1047 1231 1103 1275; x_wconf 91' lang='lat' dir='ltr'>ad</span> <span class='ocrx_word' id='word_1_127' title='bbox 1135 1236 1324 1276; x_wconf 85' lang='lat' dir='ltr'>nostrum</span> <span class='ocrx_word' id='word_1_128' title='bbox 1354 1232 1549 1289; x_wconf 88' lang='lat' dir='ltr'>redeam,</span> <span class='ocrx_word' id='word_1_129' title='bbox 1588 1238 1740 1279; x_wconf 83' lang='lat' dir='ltr'>notatu</span> <span class='ocrx_word' id='word_1_130' title='bbox 1769 1234 1864 1291; x_wconf 79' lang='lat' dir='ltr'>dig·</span> 
     </span>
     <span class='ocr_line' id='line_1_16' title="bbox 186 1295 1863 1360; baseline 0.007 -22"><span class='ocrx_word' id='word_1_131' title='bbox 186 1295 366 1339; x_wconf 78' lang='lat' dir='ltr'>nissima</span> <span class='ocrx_word' id='word_1_132' title='bbox 403 1295 605 1340; x_wconf 79' lang='lat' dir='ltr'>Videntur</span> <span class='ocrx_word' id='word_1_133' title='bbox 643 1296 777 1341; x_wconf 78' lang='lat' dir='ltr'>verba</span> <span class='ocrx_word' id='word_1_134' title='bbox 806 1311 847 1340; x_wconf 88' lang='lat' dir='ltr'>v.</span> <span class='ocrx_word' id='word_1_135' title='bbox 880 1300 934 1343; x_wconf 88' lang='lat'>38</span> <span class='ocrx_word' id='word_1_136' title='bbox 972 1304 1043 1342; x_wconf 82' lang='grc' dir='ltr'>καὶ</span> <span class='ocrx_word' id='word_1_137' title='bbox 1082 1298 1236 1354; x_wconf 78' lang='grc' dir='ltr'><strong><em>γράφει</em></strong></span> <span class='ocrx_word' id='word_1_138' title='bbox 1274 1300 1384 1346; x_wconf 78' lang='grc' dir='ltr'><strong><em>διότι</em></strong></span> <span class='ocrx_word' id='word_1_139' title='bbox 1418 1308 1511 1346; x_wconf 80' lang='grc' dir='ltr'><strong><em>κτλ.</em></strong></span> <span class='ocrx_word' id='word_1_140' title='bbox 1570 1302 1729 1360; x_wconf 73' lang='lat' dir='ltr'>quibus</span> <span class='ocrx_word' id='word_1_141' title='bbox 1765 1316 1863 1348; x_wconf 72' lang='lat' dir='ltr'>eum</span> 
     </span>
     <span class='ocr_line' id='line_1_17' title="bbox 186 1364 1864 1430; baseline 0.007 -24"><span class='ocrx_word' id='word_1_142' title='bbox 186 1376 340 1408; x_wconf 92' lang='lat' dir='ltr'>nomen</span> <span class='ocrx_word' id='word_1_143' title='bbox 385 1364 573 1408; x_wconf 87' lang='lat' dir='ltr'>auctoris</span> <span class='ocrx_word' id='word_1_144' title='bbox 617 1377 702 1408; x_wconf 91' lang='lat' dir='ltr'>nou</span> <span class='ocrx_word' id='word_1_145' title='bbox 748 1365 946 1421; x_wconf 87' lang='lat' dir='ltr'>addatur,</span> <span class='ocrx_word' id='word_1_146' title='bbox 993 1381 1292 1424; x_wconf 87' lang='lat' dir='ltr'>quaecumque</span> <span class='ocrx_word' id='word_1_147' title='bbox 1335 1369 1495 1415; x_wconf 87' lang='lat' dir='ltr'>abhinc</span> <span class='ocrx_word' id='word_1_148' title='bbox 1539 1370 1595 1415; x_wconf 90' lang='lat' dir='ltr'>de</span> <span class='ocrx_word' id='word_1_149' title='bbox 1631 1371 1864 1430; x_wconf 87' lang='lat' dir='ltr'>Speusippi</span> 
     </span>
     <span class='ocr_line' id='line_1_18' title="bbox 186 1433 1864 1496; baseline 0.005 -21"><span class='ocrx_word' id='word_1_150' title='bbox 186 1436 355 1489; x_wconf 89' lang='lat' dir='ltr'>torpore</span> <span class='ocrx_word' id='word_1_151' title='bbox 394 1437 438 1476; x_wconf 90' lang='lat' dir='ltr'>et</span> <span class='ocrx_word' id='word_1_152' title='bbox 475 1433 601 1477; x_wconf 89' lang='lat' dir='ltr'>annis</span> <span class='ocrx_word' id='word_1_153' title='bbox 642 1434 928 1491; x_wconf 88' lang='lat' dir='ltr'>principatus,</span> <span class='ocrx_word' id='word_1_154' title='bbox 970 1435 1109 1493; x_wconf 88' lang='lat' dir='ltr'>deque</span> <span class='ocrx_word' id='word_1_155' title='bbox 1138 1436 1398 1482; x_wconf 84' lang='lat' dir='ltr'>Xenocratis</span> <span class='ocrx_word' id='word_1_156' title='bbox 1438 1438 1649 1484; x_wconf 86' lang='lat' dir='ltr'>electione</span> <span class='ocrx_word' id='word_1_157' title='bbox 1683 1452 1763 1496; x_wconf 89' lang='lat' dir='ltr'>per</span> <span class='ocrx_word' id='word_1_158' title='bbox 1798 1441 1864 1484; x_wconf 90' lang='lat' dir='ltr'>iu-</span> 
     </span>
     <span class='ocr_line' id='line_1_19' title="bbox 186 1500 1864 1562; baseline 0.006 -20"><span class='ocrx_word' id='word_1_159' title='bbox 186 1513 318 1545; x_wconf 85' lang='lat' dir='ltr'>venes</span> <span class='ocrx_word' id='word_1_160' title='bbox 348 1500 465 1545; x_wconf 77' lang='lat' dir='ltr'>facta</span> <span class='ocrx_word' id='word_1_161' title='bbox 490 1501 595 1553; x_wconf 88' lang='lat' dir='ltr'>(Leo</span> <span class='ocrx_word' id='word_1_162' title='bbox 615 1501 760 1556; x_wconf 83' lang='lat' dir='ltr'>Biogr.</span> <span class='ocrx_word' id='word_1_163' title='bbox 781 1516 821 1559; x_wconf 92' lang='lat' dir='ltr'>p.</span> <span class='ocrx_word' id='word_1_164' title='bbox 844 1505 927 1558; x_wconf 84' lang='lat'>59),</span> <span class='ocrx_word' id='word_1_165' title='bbox 958 1504 1200 1549; x_wconf 87' lang='lat' dir='ltr'>Aristotelis</span> <span class='ocrx_word' id='word_1_166' title='bbox 1229 1506 1590 1562; x_wconf 84' lang='lat' dir='ltr'>peregrinatione,</span> <span class='ocrx_word' id='word_1_167' title='bbox 1619 1507 1864 1554; x_wconf 79' lang='lat' dir='ltr'>Menedemi</span> 
     </span>
    </p>
   </div>
   <div class='ocr_carea' id='block_1_2' title="bbox 216 1617 456 1622">
    <p class='ocr_par' dir='ltr' id='par_1_3' title="bbox 216 1617 456 1622">
     <span class='ocr_line' id='line_1_20' title="bbox 216 1617 456 1622; baseline 0 0"><span class='ocrx_word' id='word_1_168' title='bbox 216 1617 456 1622; x_wconf 95' lang='lat' dir='ltr'> </span> 
     </span>
    </p>
   </div>
   <div class='ocr_carea' id='block_1_3' title="bbox 302 1692 1114 1808">
    <p class='ocr_par' dir='ltr' id='par_1_4' title="bbox 302 1692 1114 1808">
     <span class='ocr_line' id='line_1_21' title="bbox 304 1692 1114 1740; baseline 0.002 -9"><span class='ocrx_word' id='word_1_169' title='bbox 304 1697 337 1739; x_wconf 83' lang='grc' dir='ltr'>ι)</span> <span class='ocrx_word' id='word_1_170' title='bbox 360 1694 402 1731; x_wconf 81' lang='lat' dir='ltr'>L.</span> <span class='ocrx_word' id='word_1_171' title='bbox 419 1694 521 1740; x_wconf 73' lang='lat' dir='ltr'>mog.</span> <span class='ocrx_word' id='word_1_172' title='bbox 547 1692 597 1729; x_wconf 77' lang='lat' dir='ltr'>vl</span> <span class='ocrx_word' id='word_1_173' title='bbox 624 1695 677 1729; x_wconf 80' lang='lat'>73.</span> <span class='ocrx_word' id='word_1_174' title='bbox 696 1697 758 1739; x_wconf 73' lang='grc' dir='ltr'>ει,</span> <span class='ocrx_word' id='word_1_175' title='bbox 794 1695 892 1731; x_wconf 72' lang='lat' dir='ltr'>Sum.</span> <span class='ocrx_word' id='word_1_176' title='bbox 918 1705 948 1732; x_wconf 75' lang='lat' dir='ltr'>s.</span> <span class='ocrx_word' id='word_1_177' title='bbox 975 1698 1056 1733; x_wconf 67' lang='lat' dir='ltr'>m.</span> <span class='ocrx_word' id='word_1_178' title='bbox 1080 1706 1114 1732; x_wconf 66' lang='lat' dir='ltr'>a.</span> 
     </span>
     <span class='ocr_line' id='line_1_22' title="bbox 302 1761 977 1808; baseline 0 -9"><span class='ocrx_word' id='word_1_179' title='bbox 302 1766 335 1805; x_wconf 86' lang='lat'>2)</span> <span class='ocrx_word' id='word_1_180' title='bbox 359 1762 438 1799; x_wconf 66' lang='lat' dir='ltr'>Aa.</span> <span class='ocrx_word' id='word_1_181' title='bbox 462 1773 496 1799; x_wconf 78' lang='lat' dir='ltr'>v.</span> <span class='ocrx_word' id='word_1_182' title='bbox 520 1762 554 1797; x_wconf 85' lang='lat' dir='ltr'>h.</span> <span class='ocrx_word' id='word_1_183' title='bbox 579 1761 664 1797; x_wconf 83' lang='lat' dir='ltr'>xlv</span> <span class='ocrx_word' id='word_1_184' title='bbox 692 1765 752 1808; x_wconf 90' lang='lat'>11,</span> <span class='ocrx_word' id='word_1_185' title='bbox 788 1762 886 1799; x_wconf 72' lang='lat' dir='ltr'>Sum.</span> <span class='ocrx_word' id='word_1_186' title='bbox 911 1763 936 1800; x_wconf 89' lang='lat'>1.</span> <span class='ocrx_word' id='word_1_187' title='bbox 954 1763 977 1799; x_wconf 88' lang='lat'>1.</span> 
     </span>
    </p>
   </div>
   <div class='ocr_carea' id='block_1_4' title="bbox 188 1831 1864 2055">
    <p class='ocr_par' dir='ltr' id='par_1_5' title="bbox 188 1831 1864 2055">
     <span class='ocr_line' id='line_1_23' title="bbox 302 1831 1863 1882; baseline 0.005 -14"><span class='ocrx_word' id='word_1_188' title='bbox 302 1835 337 1876; x_wconf 82' lang='lat'>3)</span> <span class='ocrx_word' id='word_1_189' title='bbox 361 1831 500 1876; x_wconf 78' lang='lat' dir='ltr'>Aegina</span> <span class='ocrx_word' id='word_1_190' title='bbox 530 1831 719 1867; x_wconf 86' lang='lat' dir='ltr'>oriundum</span> <span class='ocrx_word' id='word_1_191' title='bbox 751 1831 885 1868; x_wconf 83' lang='lat' dir='ltr'>diserte</span> <span class='ocrx_word' id='word_1_192' title='bbox 915 1831 987 1867; x_wconf 88' lang='lat' dir='ltr'>dici</span> <span class='ocrx_word' id='word_1_193' title='bbox 1015 1832 1151 1870; x_wconf 86' lang='lat' dir='ltr'>idcirco</span> <span class='ocrx_word' id='word_1_194' title='bbox 1182 1833 1380 1879; x_wconf 83' lang='lat' dir='ltr'>probabile,</span> <span class='ocrx_word' id='word_1_195' title='bbox 1412 1838 1452 1871; x_wconf 89' lang='lat' dir='ltr'>ut</span> <span class='ocrx_word' id='word_1_196' title='bbox 1475 1845 1499 1871; x_wconf 90' lang='lat' dir='ltr'>a</span> <span class='ocrx_word' id='word_1_197' title='bbox 1522 1834 1682 1874; x_wconf 83' lang='lat' dir='ltr'>Philisco</span> <span class='ocrx_word' id='word_1_198' title='bbox 1703 1836 1863 1882; x_wconf 67' lang='lat' dir='ltr'>ussuto.</span> 
     </span>
     <span class='ocr_line' id='line_1_24' title="bbox 189 1887 1864 1939; baseline 0.004 -13"><span class='ocrx_word' id='word_1_199' title='bbox 189 1890 292 1927; x_wconf 84' lang='lat' dir='ltr'>euius</span> <span class='ocrx_word' id='word_1_200' title='bbox 316 1888 530 1935; x_wconf 87' lang='lat' dir='ltr'>discipulum</span> <span class='ocrx_word' id='word_1_201' title='bbox 554 1887 756 1924; x_wconf 84' lang='lat' dir='ltr'>Neauthem</span> <span class='ocrx_word' id='word_1_202' title='bbox 786 1887 898 1924; x_wconf 78' lang='lat' dir='ltr'>fuisse</span> <span class='ocrx_word' id='word_1_203' title='bbox 921 1888 1019 1925; x_wconf 84' lang='lat' dir='ltr'>Suid.</span> <span class='ocrx_word' id='word_1_204' title='bbox 1046 1899 1075 1926; x_wconf 90' lang='lat' dir='ltr'>s.</span> <span class='ocrx_word' id='word_1_205' title='bbox 1102 1889 1280 1937; x_wconf 79' lang='grc' dir='ltr'><em>Νεάνθης</em></span> <span class='ocrx_word' id='word_1_206' title='bbox 1304 1890 1432 1935; x_wconf 81' lang='lat' dir='ltr'>tradit,</span> <span class='ocrx_word' id='word_1_207' title='bbox 1465 1892 1755 1939; x_wconf 78' lang='lat' dir='ltr'>distingueretur.</span> <span class='ocrx_word' id='word_1_208' title='bbox 1802 1894 1864 1933; x_wconf 89' lang='lat' dir='ltr'>ille</span> 
     </span>
     <span class='ocr_line' id='line_1_25' title="bbox 188 1945 1864 1998; baseline 0.004 -15"><span class='ocrx_word' id='word_1_209' title='bbox 188 1950 319 1989; x_wconf 84' lang='lat' dir='ltr'>autem,</span> <span class='ocrx_word' id='word_1_210' title='bbox 345 1946 377 1982; x_wconf 83' lang='lat' dir='ltr'>si</span> <span class='ocrx_word' id='word_1_211' title='bbox 393 1945 534 1992; x_wconf 88' lang='lat' dir='ltr'>quidem</span> <span class='ocrx_word' id='word_1_212' title='bbox 553 1945 734 1981; x_wconf 81' lang='lat' dir='ltr'>Favorino</span> <span class='ocrx_word' id='word_1_213' title='bbox 750 1949 822 1991; x_wconf 86' lang='lat' dir='ltr'>(ap.</span> <span class='ocrx_word' id='word_1_214' title='bbox 842 1945 883 1981; x_wconf 89' lang='lat' dir='ltr'>L.</span> <span class='ocrx_word' id='word_1_215' title='bbox 899 1945 1002 1991; x_wconf 79' lang='lat' dir='ltr'>Diog.</span> <span class='ocrx_word' id='word_1_216' title='bbox 1021 1946 1073 1982; x_wconf 83' lang='lat' dir='ltr'>IV</span> <span class='ocrx_word' id='word_1_217' title='bbox 1090 1949 1124 1989; x_wconf 86' lang='lat'>3)</span> <span class='ocrx_word' id='word_1_218' title='bbox 1148 1946 1237 1983; x_wconf 84' lang='lat' dir='ltr'>fides</span> <span class='ocrx_word' id='word_1_219' title='bbox 1255 1946 1442 1984; x_wconf 77' lang='lat' dir='ltr'>Platonem</span> <span class='ocrx_word' id='word_1_220' title='bbox 1457 1946 1558 1988; x_wconf 79' lang='grc' dir='ltr'><strong><em>κατά</em></strong></span> <span class='ocrx_word' id='word_1_221' title='bbox 1576 1963 1681 1995; x_wconf 78' lang='grc' dir='ltr'><strong><em>τινας</em></strong></span> <span class='ocrx_word' id='word_1_222' title='bbox 1703 1951 1864 1998; x_wconf 71' lang='lat' dir='ltr'>Aeginae</span> 
     </span>
     <span class='ocr_line' id='line_1_26' title="bbox 188 2002 1475 2055; baseline 0.001 -15"><span class='ocrx_word' id='word_1_223' title='bbox 188 2006 313 2041; x_wconf 78' lang='lat' dir='ltr'>natum</span> <span class='ocrx_word' id='word_1_224' title='bbox 337 2002 482 2046; x_wconf 83' lang='lat' dir='ltr'>dicenti,</span> <span class='ocrx_word' id='word_1_225' title='bbox 506 2003 551 2038; x_wconf 89' lang='lat' dir='ltr'>de</span> <span class='ocrx_word' id='word_1_226' title='bbox 574 2002 766 2039; x_wconf 78' lang='lat' dir='ltr'>Aristoclis</span> <span class='ocrx_word' id='word_1_227' title='bbox 790 2003 1056 2055; x_wconf 75' lang='grc' dir='ltr'><strong><em>μετονομασίᾳ</em></strong></span> <span class='ocrx_word' id='word_1_228' title='bbox 1081 2006 1181 2040; x_wconf 83' lang='lat' dir='ltr'>certa</span> <span class='ocrx_word' id='word_1_229' title='bbox 1204 2004 1297 2040; x_wconf 87' lang='lat' dir='ltr'>scire</span> <span class='ocrx_word' id='word_1_230' title='bbox 1320 2009 1475 2050; x_wconf 85' lang='lat' dir='ltr'>poterat.</span> 
     </span>
    </p>
   </div>
   <div class='ocr_carea' id='block_1_5' title="bbox 301 2070 1411 2188">
    <p class='ocr_par' dir='ltr' id='par_1_6' title="bbox 301 2070 1411 2188">
     <span class='ocr_line' id='line_1_27' title="bbox 301 2070 1411 2119; baseline 0.001 -12"><span class='ocrx_word' id='word_1_231' title='bbox 301 2074 336 2115; x_wconf 77' lang='lat'>4)</span> <span class='ocrx_word' id='word_1_232' title='bbox 358 2071 458 2109; x_wconf 85' lang='lat' dir='ltr'>Suid.</span> <span class='ocrx_word' id='word_1_233' title='bbox 484 2081 515 2107; x_wconf 88' lang='lat' dir='ltr'>s.</span> <span class='ocrx_word' id='word_1_234' title='bbox 542 2070 769 2119; x_wconf 81' lang='grc' dir='ltr'><strong><em>Φιλόχορος.</em></strong></span> <span class='ocrx_word' id='word_1_235' title='bbox 818 2070 949 2108; x_wconf 74' lang='lat' dir='ltr'>Mulier</span> <span class='ocrx_word' id='word_1_236' title='bbox 973 2071 1086 2108; x_wconf 84' lang='lat' dir='ltr'>FHG.</span> <span class='ocrx_word' id='word_1_237' title='bbox 1111 2071 1128 2107; x_wconf 93' lang='lat'>1</span> <span class='ocrx_word' id='word_1_238' title='bbox 1153 2083 1188 2118; x_wconf 92' lang='lat' dir='ltr'>p.</span> <span class='ocrx_word' id='word_1_239' title='bbox 1213 2071 1411 2108; x_wconf 83' lang='lat' dir='ltr'>LXXXIX.</span> 
     </span>
     <span class='ocr_line' id='line_1_28' title="bbox 303 2136 1224 2188; baseline 0 -13"><span class='ocrx_word' id='word_1_240' title='bbox 303 2143 337 2182; x_wconf 82' lang='lat'>5)</span> <span class='ocrx_word' id='word_1_241' title='bbox 362 2140 399 2176; x_wconf 88' lang='lat' dir='ltr'>S.</span> <span class='ocrx_word' id='word_1_242' title='bbox 423 2150 456 2175; x_wconf 71' lang='lat' dir='ltr'>V.</span> <span class='ocrx_word' id='word_1_243' title='bbox 483 2136 589 2186; x_wconf 81' lang='grc' dir='ltr'><em>Πρὸς</em></span> <span class='ocrx_word' id='word_1_244' title='bbox 613 2142 659 2187; x_wconf 77' lang='grc' dir='ltr'>τῇ</span> <span class='ocrx_word' id='word_1_245' title='bbox 684 2141 811 2177; x_wconf 65' lang='lat' dir='ltr'>nvn&amp;</span> <span class='ocrx_word' id='word_1_246' title='bbox 830 2137 983 2188; x_wconf 70' lang='grc' dir='ltr'><strong><em>Ἑρμῆς»</em></strong></span> <span class='ocrx_word' id='word_1_247' title='bbox 1012 2140 1111 2178; x_wconf 83' lang='lat' dir='ltr'>Suid.</span> <span class='ocrx_word' id='word_1_248' title='bbox 1137 2150 1166 2177; x_wconf 81' lang='lat' dir='ltr'>s.</span> <span class='ocrx_word' id='word_1_249' title='bbox 1191 2151 1224 2176; x_wconf 92' lang='lat' dir='ltr'>v.</span> 
     </span>
    </p>
   </div>
   <div class='ocr_carea' id='block_1_6' title="bbox 188 2207 1862 2883">
    <p class='ocr_par' dir='ltr' id='par_1_7' title="bbox 188 2207 1862 2883">
     <span class='ocr_line' id='line_1_29' title="bbox 303 2207 1860 2261; baseline 0.005 -17"><span class='ocrx_word' id='word_1_250' title='bbox 303 2211 337 2252; x_wconf 84' lang='grc'>6)</span> <span class='ocrx_word' id='word_1_251' title='bbox 361 2208 468 2245; x_wconf 87' lang='lat' dir='ltr'>Phot.</span> <span class='ocrx_word' id='word_1_252' title='bbox 486 2208 573 2244; x_wconf 83' lang='lat' dir='ltr'>Lex.</span> <span class='ocrx_word' id='word_1_253' title='bbox 590 2218 627 2254; x_wconf 88' lang='lat' dir='ltr'>p.</span> <span class='ocrx_word' id='word_1_254' title='bbox 646 2211 697 2250; x_wconf 79' lang='lat'>15,</span> <span class='ocrx_word' id='word_1_255' title='bbox 711 2211 777 2244; x_wconf 82' lang='grc'>399</span> <span class='ocrx_word' id='word_1_256' title='bbox 792 2208 894 2245; x_wconf 86' lang='lat' dir='ltr'>Pors.</span> <span class='ocrx_word' id='word_1_257' title='bbox 919 2209 967 2245; x_wconf 83' lang='lat' dir='ltr'>cf.</span> <span class='ocrx_word' id='word_1_258' title='bbox 983 2208 1050 2253; x_wconf 77' lang='lat' dir='ltr'>frg.</span> <span class='ocrx_word' id='word_1_259' title='bbox 1065 2211 1107 2244; x_wconf 88' lang='grc'>80</span> <span class='ocrx_word' id='word_1_260' title='bbox 1124 2208 1221 2255; x_wconf 85' lang='lat' dir='ltr'>apud</span> <span class='ocrx_word' id='word_1_261' title='bbox 1238 2207 1389 2245; x_wconf 85' lang='lat' dir='ltr'>eundem</span> <span class='ocrx_word' id='word_1_262' title='bbox 1406 2208 1582 2255; x_wconf 67' lang='lat' dir='ltr'>nan-poor.</span> <span class='ocrx_word' id='word_1_263' title='bbox 1598 2221 1629 2248; x_wconf 83' lang='lat' dir='ltr'>a.</span> <span class='ocrx_word' id='word_1_264' title='bbox 1642 2223 1673 2248; x_wconf 89' lang='lat' dir='ltr'>v.</span> <span class='ocrx_word' id='word_1_265' title='bbox 1684 2209 1822 2261; x_wconf 77' lang='grc' dir='ltr'><strong><em>Ἑρμῆς</em></strong></span> <span class='ocrx_word' id='word_1_266' title='bbox 1837 2212 1860 2252; x_wconf 85' lang='grc' dir='ltr'><strong><em>ὀ</em></strong></span> 
     </span>
     <span class='ocr_line' id='line_1_30' title="bbox 190 2262 1861 2317; baseline 0.003 -15"><span class='ocrx_word' id='word_1_267' title='bbox 190 2262 289 2314; x_wconf 79' lang='grc' dir='ltr'><em>πρὸς</em></span> <span class='ocrx_word' id='word_1_268' title='bbox 304 2268 351 2313; x_wconf 78' lang='grc' dir='ltr'>τῇ</span> <span class='ocrx_word' id='word_1_269' title='bbox 368 2266 506 2303; x_wconf 76' lang='grc' dir='ltr'><strong><em>Πυλιόι.</em></strong></span> <span class='ocrx_word' id='word_1_270' title='bbox 522 2265 654 2317; x_wconf 82' lang='lat' dir='ltr'>iterum</span> <span class='ocrx_word' id='word_1_271' title='bbox 670 2265 856 2311; x_wconf 88' lang='lat' dir='ltr'>quintus</span> <span class='ocrx_word' id='word_1_272' title='bbox 873 2265 964 2302; x_wconf 88' lang='lat' dir='ltr'>liber</span> <span class='ocrx_word' id='word_1_273' title='bbox 980 2265 1147 2309; x_wconf 83' lang='lat' dir='ltr'>recurrit,</span> <span class='ocrx_word' id='word_1_274' title='bbox 1163 2275 1236 2302; x_wconf 90' lang='lat' dir='ltr'>non</span> <span class='ocrx_word' id='word_1_275' title='bbox 1252 2266 1394 2308; x_wconf 84' lang='lat' dir='ltr'>tertius,</span> <span class='ocrx_word' id='word_1_276' title='bbox 1409 2275 1514 2311; x_wconf 83' lang='lat' dir='ltr'>quem</span> <span class='ocrx_word' id='word_1_277' title='bbox 1530 2276 1575 2303; x_wconf 85' lang='lat' dir='ltr'>ex</span> <span class='ocrx_word' id='word_1_278' title='bbox 1587 2266 1768 2315; x_wconf 77' lang='lat' dir='ltr'>Hesychio</span> <span class='ocrx_word' id='word_1_279' title='bbox 1785 2279 1814 2306; x_wconf 82' lang='lat' dir='ltr'>s.</span> <span class='ocrx_word' id='word_1_280' title='bbox 1828 2281 1861 2307; x_wconf 91' lang='lat' dir='ltr'>v.</span> 
     </span>
     <span class='ocr_line' id='line_1_31' title="bbox 189 2318 1861 2370; baseline 0.002 -10"><span class='ocrx_word' id='word_1_281' title='bbox 189 2318 385 2370; x_wconf 75' lang='grc' dir='ltr'><strong><em>Ἀγοραῖος</em></strong></span> <span class='ocrx_word' id='word_1_282' title='bbox 402 2322 549 2359; x_wconf 84' lang='lat' dir='ltr'>Boeckh</span> <span class='ocrx_word' id='word_1_283' title='bbox 563 2321 608 2358; x_wconf 87' lang='lat' dir='ltr'>de</span> <span class='ocrx_word' id='word_1_284' title='bbox 619 2320 710 2357; x_wconf 88' lang='lat' dir='ltr'>Phil.</span> <span class='ocrx_word' id='word_1_285' title='bbox 723 2332 759 2368; x_wconf 91' lang='lat' dir='ltr'>p.</span> <span class='ocrx_word' id='word_1_286' title='bbox 775 2324 816 2357; x_wconf 75' lang='lat'>14</span> <span class='ocrx_word' id='word_1_287' title='bbox 832 2325 869 2358; x_wconf 85' lang='lat' dir='ltr'>et</span> <span class='ocrx_word' id='word_1_288' title='bbox 881 2322 1010 2358; x_wconf 76' lang='lat' dir='ltr'>Muller</span> <span class='ocrx_word' id='word_1_289' title='bbox 1027 2322 1043 2357; x_wconf 94' lang='lat'>1</span> <span class='ocrx_word' id='word_1_290' title='bbox 1060 2333 1096 2368; x_wconf 92' lang='lat' dir='ltr'>p.</span> <span class='ocrx_word' id='word_1_291' title='bbox 1112 2324 1188 2365; x_wconf 85' lang='grc'>393,</span> <span class='ocrx_word' id='word_1_292' title='bbox 1203 2324 1268 2359; x_wconf 80' lang='grc'>397</span> <span class='ocrx_word' id='word_1_293' title='bbox 1287 2327 1489 2369; x_wconf 85' lang='lat' dir='ltr'>temporum</span> <span class='ocrx_word' id='word_1_294' title='bbox 1504 2323 1645 2362; x_wconf 82' lang='lat' dir='ltr'>ratione</span> <span class='ocrx_word' id='word_1_295' title='bbox 1661 2324 1784 2362; x_wconf 82' lang='lat' dir='ltr'>habita</span> <span class='ocrx_word' id='word_1_296' title='bbox 1798 2326 1861 2363; x_wconf 85' lang='lat' dir='ltr'>ad·</span> 
     </span>
     <span class='ocr_line' id='line_1_32' title="bbox 189 2378 1860 2426; baseline 0.003 -11"><span class='ocrx_word' id='word_1_297' title='bbox 189 2383 328 2426; x_wconf 77' lang='lat' dir='ltr'>optant.</span> <span class='ocrx_word' id='word_1_298' title='bbox 366 2378 629 2415; x_wconf 85' lang='lat' dir='ltr'>observandum</span> <span class='ocrx_word' id='word_1_299' title='bbox 646 2381 766 2415; x_wconf 80' lang='lat' dir='ltr'>tamen</span> <span class='ocrx_word' id='word_1_300' title='bbox 783 2378 935 2415; x_wconf 86' lang='lat' dir='ltr'>alterum</span> <span class='ocrx_word' id='word_1_301' title='bbox 949 2378 1170 2415; x_wconf 76' lang='lat' dir='ltr'>Mercurium</span> <span class='ocrx_word' id='word_1_302' title='bbox 1186 2378 1233 2415; x_wconf 85' lang='lat' dir='ltr'>ab</span> <span class='ocrx_word' id='word_1_303' title='bbox 1246 2378 1361 2415; x_wconf 86' lang='lat' dir='ltr'>altero</span> <span class='ocrx_word' id='word_1_304' title='bbox 1377 2389 1458 2417; x_wconf 82' lang='lat' dir='ltr'>esse</span> <span class='ocrx_word' id='word_1_305' title='bbox 1473 2380 1651 2418; x_wconf 83' lang='lat' dir='ltr'>diversum</span> <span class='ocrx_word' id='word_1_306' title='bbox 1663 2381 1860 2426; x_wconf 82' lang='lat' dir='ltr'>(Waebsm.</span> 
     </span>
     <span class='ocr_line' id='line_1_33' title="bbox 190 2434 1861 2487; baseline 0.002 -14"><span class='ocrx_word' id='word_1_307' title='bbox 190 2437 241 2473; x_wconf 88' lang='lat' dir='ltr'>St.</span> <span class='ocrx_word' id='word_1_308' title='bbox 255 2435 341 2471; x_wconf 82' lang='lat' dir='ltr'>Ath.</span> <span class='ocrx_word' id='word_1_309' title='bbox 360 2435 388 2481; x_wconf 92' lang='lat'>1,</span> <span class='ocrx_word' id='word_1_310' title='bbox 406 2438 484 2480; x_wconf 81' lang='lat'>208,</span> <span class='ocrx_word' id='word_1_311' title='bbox 508 2435 653 2480; x_wconf 77' lang='lat' dir='ltr'>Lolling</span> <span class='ocrx_word' id='word_1_312' title='bbox 676 2435 712 2470; x_wconf 91' lang='lat' dir='ltr'>in</span> <span class='ocrx_word' id='word_1_313' title='bbox 729 2434 879 2472; x_wconf 75' lang='lat' dir='ltr'>Mulier-s</span> <span class='ocrx_word' id='word_1_314' title='bbox 896 2435 1039 2472; x_wconf 85' lang='lat' dir='ltr'>Handb.</span> <span class='ocrx_word' id='word_1_315' title='bbox 1056 2435 1108 2471; x_wconf 92' lang='lat'>111</span> <span class='ocrx_word' id='word_1_316' title='bbox 1126 2438 1223 2479; x_wconf 77' lang='lat'><strong>3141)</strong></span> <span class='ocrx_word' id='word_1_317' title='bbox 1246 2446 1361 2483; x_wconf 86' lang='lat' dir='ltr'>neque</span> <span class='ocrx_word' id='word_1_318' title='bbox 1383 2435 1431 2473; x_wconf 90' lang='lat' dir='ltr'>ab</span> <span class='ocrx_word' id='word_1_319' title='bbox 1448 2437 1629 2485; x_wconf 65' lang='lat' dir='ltr'>Eutychio</span> <span class='ocrx_word' id='word_1_320' title='bbox 1652 2437 1761 2476; x_wconf 82' lang='lat' dir='ltr'>ullius</span> <span class='ocrx_word' id='word_1_321' title='bbox 1784 2439 1861 2487; x_wconf 85' lang='lat' dir='ltr'>epi·</span> 
     </span>
     <span class='ocr_line' id='line_1_34' title="bbox 188 2491 1860 2539; baseline 0.002 -10"><span class='ocrx_word' id='word_1_322' title='bbox 188 2492 397 2539; x_wconf 75' lang='lat' dir='ltr'>grammatis</span> <span class='ocrx_word' id='word_1_323' title='bbox 413 2492 499 2529; x_wconf 82' lang='lat' dir='ltr'>inici</span> <span class='ocrx_word' id='word_1_324' title='bbox 516 2491 744 2528; x_wconf 86' lang='lat' dir='ltr'>mentionem.</span> <span class='ocrx_word' id='word_1_325' title='bbox 785 2492 909 2538; x_wconf 89' lang='lat' dir='ltr'>quidni</span> <span class='ocrx_word' id='word_1_326' title='bbox 926 2491 1034 2537; x_wconf 81' lang='lat' dir='ltr'>igitur</span> <span class='ocrx_word' id='word_1_327' title='bbox 1050 2492 1199 2539; x_wconf 87' lang='lat' dir='ltr'>quintus</span> <span class='ocrx_word' id='word_1_328' title='bbox 1213 2493 1374 2530; x_wconf 78' lang='lat' dir='ltr'>Atthidis</span> <span class='ocrx_word' id='word_1_329' title='bbox 1398 2493 1491 2532; x_wconf 84' lang='lat' dir='ltr'>liber</span> <span class='ocrx_word' id='word_1_330' title='bbox 1513 2504 1751 2531; x_wconf 82' lang='lat' dir='ltr'>excursum</span> <span class='ocrx_word' id='word_1_331' title='bbox 1774 2505 1860 2533; x_wconf 90' lang='lat' dir='ltr'>con·</span> 
     </span>
     <span class='ocr_line' id='line_1_35' title="bbox 190 2548 1860 2599; baseline 0.002 -14"><span class='ocrx_word' id='word_1_332' title='bbox 190 2549 340 2586; x_wconf 69' lang='lat' dir='ltr'>tInuerit</span> <span class='ocrx_word' id='word_1_333' title='bbox 362 2548 407 2585; x_wconf 89' lang='lat' dir='ltr'>de</span> <span class='ocrx_word' id='word_1_334' title='bbox 432 2548 533 2585; x_wconf 84' lang='lat' dir='ltr'>urbis</span> <span class='ocrx_word' id='word_1_335' title='bbox 555 2548 835 2596; x_wconf 64' lang='lat' dir='ltr'>epigrammatis,</span> <span class='ocrx_word' id='word_1_336' title='bbox 861 2549 982 2594; x_wconf 84' lang='lat' dir='ltr'>quiex</span> <span class='ocrx_word' id='word_1_337' title='bbox 998 2548 1069 2586; x_wconf 85' lang='lat' dir='ltr'>alia</span> <span class='ocrx_word' id='word_1_338' title='bbox 1092 2548 1251 2586; x_wconf 76' lang='lat' dir='ltr'>fortasse</span> <span class='ocrx_word' id='word_1_339' title='bbox 1273 2549 1497 2587; x_wconf 73' lang='lat' dir='ltr'>dedicatione</span> <span class='ocrx_word' id='word_1_340' title='bbox 1523 2560 1596 2588; x_wconf 87' lang='lat' dir='ltr'>non</span> <span class='ocrx_word' id='word_1_341' title='bbox 1619 2553 1706 2588; x_wconf 82' lang='lat' dir='ltr'>ante</span> <span class='ocrx_word' id='word_1_342' title='bbox 1727 2550 1860 2599; x_wconf 73' lang='lat' dir='ltr'>olymp.</span> 
     </span>
     <span class='ocr_line' id='line_1_36' title="bbox 190 2604 1861 2653; baseline 0.002 -11"><span class='ocrx_word' id='word_1_343' title='bbox 190 2605 306 2642; x_wconf 85' lang='lat' dir='ltr'>XCIV</span> <span class='ocrx_word' id='word_1_344' title='bbox 330 2604 390 2649; x_wconf 82' lang='lat' dir='ltr'>(cf.</span> <span class='ocrx_word' id='word_1_345' title='bbox 415 2604 547 2641; x_wconf 76' lang='lat' dir='ltr'>Mulier</span> <span class='ocrx_word' id='word_1_346' title='bbox 569 2615 604 2652; x_wconf 89' lang='lat' dir='ltr'>p.</span> <span class='ocrx_word' id='word_1_347' title='bbox 622 2608 703 2649; x_wconf 73' lang='lat'>404)</span> <span class='ocrx_word' id='word_1_348' title='bbox 732 2605 831 2642; x_wconf 79' lang='lat' dir='ltr'>faeta</span> <span class='ocrx_word' id='word_1_349' title='bbox 860 2615 984 2643; x_wconf 88' lang='lat' dir='ltr'>ansam</span> <span class='ocrx_word' id='word_1_350' title='bbox 1018 2606 1180 2653; x_wconf 70' lang='lat' dir='ltr'>ceperit?</span> <span class='ocrx_word' id='word_1_351' title='bbox 1219 2616 1265 2643; x_wconf 79' lang='lat' dir='ltr'>ex</span> <span class='ocrx_word' id='word_1_352' title='bbox 1289 2606 1463 2644; x_wconf 84' lang='lat' dir='ltr'>eiusmodi</span> <span class='ocrx_word' id='word_1_353' title='bbox 1493 2612 1615 2645; x_wconf 78' lang='lat' dir='ltr'>autem</span> <span class='ocrx_word' id='word_1_354' title='bbox 1641 2606 1861 2645; x_wconf 74' lang='lat' dir='ltr'>deverticulo</span> 
     </span>
     <span class='ocr_line' id='line_1_37' title="bbox 191 2662 1861 2710; baseline 0.003 -12"><span class='ocrx_word' id='word_1_355' title='bbox 191 2662 463 2710; x_wconf 75' lang='lat' dir='ltr'>Epigrammata</span> <span class='ocrx_word' id='word_1_356' title='bbox 485 2662 609 2699; x_wconf 78' lang='lat' dir='ltr'>Attica</span> <span class='ocrx_word' id='word_1_357' title='bbox 632 2665 715 2700; x_wconf 84' lang='lat' dir='ltr'>orta</span> <span class='ocrx_word' id='word_1_358' title='bbox 739 2673 819 2699; x_wconf 87' lang='lat' dir='ltr'>esse</span> <span class='ocrx_word' id='word_1_359' title='bbox 842 2663 950 2700; x_wconf 79' lang='lat' dir='ltr'>facile</span> <span class='ocrx_word' id='word_1_360' title='bbox 973 2664 1092 2702; x_wconf 83' lang='lat' dir='ltr'>auimo</span> <span class='ocrx_word' id='word_1_361' title='bbox 1116 2664 1281 2701; x_wconf 83' lang='lat' dir='ltr'>informo.</span> <span class='ocrx_word' id='word_1_362' title='bbox 1306 2684 1352 2690; x_wconf 95' lang='lat'><strong>—</strong></span> <span class='ocrx_word' id='word_1_363' title='bbox 1386 2666 1545 2701; x_wconf 82' lang='lat' dir='ltr'>ceterum</span> <span class='ocrx_word' id='word_1_364' title='bbox 1570 2665 1639 2702; x_wconf 85' lang='lat' dir='ltr'>col.</span> <span class='ocrx_word' id='word_1_365' title='bbox 1661 2664 1697 2702; x_wconf 91' lang='lat'>11</span> <span class='ocrx_word' id='word_1_366' title='bbox 1724 2667 1764 2702; x_wconf 79' lang='lat'>1²</span> <span class='ocrx_word' id='word_1_367' title='bbox 1788 2675 1861 2704; x_wconf 83' lang='lat' dir='ltr'>nen</span> 
     </span>
     <span class='ocr_line' id='line_1_38' title="bbox 191 2719 1860 2770; baseline 0.003 -16"><span class='ocrx_word' id='word_1_368' title='bbox 191 2719 247 2755; x_wconf 76' lang='lat' dir='ltr'>hle</span> <span class='ocrx_word' id='word_1_369' title='bbox 271 2720 391 2757; x_wconf 82' lang='lat' dir='ltr'>causis</span> <span class='ocrx_word' id='word_1_370' title='bbox 414 2723 547 2765; x_wconf 87' lang='lat' dir='ltr'>motus,</span> <span class='ocrx_word' id='word_1_371' title='bbox 579 2720 643 2756; x_wconf 85' lang='lat' dir='ltr'>aed</span> <span class='ocrx_word' id='word_1_372' title='bbox 666 2720 735 2756; x_wconf 85' lang='lat' dir='ltr'>soli</span> <span class='ocrx_word' id='word_1_373' title='bbox 758 2720 959 2767; x_wconf 82' lang='lat' dir='ltr'>spatiorum</span> <span class='ocrx_word' id='word_1_374' title='bbox 983 2720 1116 2758; x_wconf 85' lang='lat' dir='ltr'>rationi</span> <span class='ocrx_word' id='word_1_375' title='bbox 1138 2721 1392 2767; x_wconf 77' lang='lat' dir='ltr'>obtemperans</span> <span class='ocrx_word' id='word_1_376' title='bbox 1416 2719 1460 2759; x_wconf 75' lang='grc' dir='ltr'>ἐν</span> <span class='ocrx_word' id='word_1_377' title='bbox 1484 2724 1552 2759; x_wconf 76' lang='grc' dir='ltr'>τῶι</span> <span class='ocrx_word' id='word_1_378' title='bbox 1576 2721 1750 2768; x_wconf 69' lang='grc' dir='ltr'>πέμπται</span> <span class='ocrx_word' id='word_1_379' title='bbox 1774 2733 1860 2770; x_wconf 88' lang='lat' dir='ltr'>aup-</span> 
     </span>
     <span class='ocr_line' id='line_1_39' title="bbox 191 2776 1860 2825; baseline 0.003 -14"><span class='ocrx_word' id='word_1_380' title='bbox 191 2776 295 2821; x_wconf 84' lang='lat' dir='ltr'>plevi.</span> <span class='ocrx_word' id='word_1_381' title='bbox 336 2776 521 2822; x_wconf 83' lang='lat' dir='ltr'>praecedit</span> <span class='ocrx_word' id='word_1_382' title='bbox 542 2777 581 2814; x_wconf 84' lang='lat' dir='ltr'>ni</span> <span class='ocrx_word' id='word_1_383' title='bbox 604 2776 713 2814; x_wconf 87' lang='lat' dir='ltr'>t&#39;allor</span> <span class='ocrx_word' id='word_1_384' title='bbox 735 2778 895 2815; x_wconf 87' lang='lat' dir='ltr'>auctoris</span> <span class='ocrx_word' id='word_1_385' title='bbox 920 2788 1063 2821; x_wconf 82' lang='lat' dir='ltr'>nomeu,</span> <span class='ocrx_word' id='word_1_386' title='bbox 1087 2779 1289 2825; x_wconf 81' lang='lat' dir='ltr'>sequuntur</span> <span class='ocrx_word' id='word_1_387' title='bbox 1311 2778 1389 2814; x_wconf 84' lang='lat' dir='ltr'>eius</span> <span class='ocrx_word' id='word_1_388' title='bbox 1411 2778 1574 2815; x_wconf 81' lang='lat' dir='ltr'>auctoris</span> <span class='ocrx_word' id='word_1_389' title='bbox 1596 2777 1710 2825; x_wconf 79' lang='lat' dir='ltr'>ipsius</span> <span class='ocrx_word' id='word_1_390' title='bbox 1733 2779 1860 2816; x_wconf 85' lang='lat' dir='ltr'>verba:</span> 
     </span>
     <span class='ocr_line' id='line_1_40' title="bbox 191 2828 1862 2883; baseline 0.004 -14"><span class='ocrx_word' id='word_1_391' title='bbox 191 2835 255 2869; x_wconf 76' lang='grc' dir='ltr'>καὶ</span> <span class='ocrx_word' id='word_1_392' title='bbox 286 2828 477 2871; x_wconf 72' lang='grc' dir='ltr'>ἀνέθεσαν</span> <span class='ocrx_word' id='word_1_393' title='bbox 508 2831 652 2872; x_wconf 70' lang='grc' dir='ltr'><strong><em>εἰκόνα.</em></strong></span> <span class='ocrx_word' id='word_1_394' title='bbox 688 2854 731 2861; x_wconf 92' lang='lat'>——</span> <span class='ocrx_word' id='word_1_395' title='bbox 767 2835 861 2872; x_wconf 83' lang='lat' dir='ltr'>addo</span> <span class='ocrx_word' id='word_1_396' title='bbox 886 2835 1062 2872; x_wconf 66' lang='lat' dir='ltr'>erenei-to</span> <span class='ocrx_word' id='word_1_397' title='bbox 1085 2838 1178 2871; x_wconf 75' lang='lat' dir='ltr'>teste</span> <span class='ocrx_word' id='word_1_398' title='bbox 1201 2834 1237 2871; x_wconf 92' lang='lat'>11</span> <span class='ocrx_word' id='word_1_399' title='bbox 1265 2837 1304 2871; x_wconf 81' lang='lat' dir='ltr'><em>u</em></span> <span class='ocrx_word' id='word_1_400' title='bbox 1335 2835 1498 2872; x_wconf 78' lang='lat' dir='ltr'>chartam</span> <span class='ocrx_word' id='word_1_401' title='bbox 1535 2829 1862 2883; x_wconf 73' lang='lat' dir='ltr'>&#39;Io(o)xooe&#39;tovc</span> 
     </span>
    </p>
   </div>
   <div class='ocr_carea' id='block_1_7' title="bbox 191 2888 1861 2985">
    <p class='ocr_par' dir='ltr' id='par_1_8' title="bbox 191 2888 1861 2985">
     <span class='ocr_line' id='line_1_41' title="bbox 192 2888 1861 2938; baseline 0.004 -13"><span class='ocrx_word' id='word_1_402' title='bbox 192 2888 375 2935; x_wconf 85' lang='lat' dir='ltr'>praebere,</span> <span class='ocrx_word' id='word_1_403' title='bbox 410 2890 475 2927; x_wconf 86' lang='lat' dir='ltr'>sed</span> <span class='ocrx_word' id='word_1_404' title='bbox 509 2891 594 2938; x_wconf 86' lang='lat' dir='ltr'>quid</span> <span class='ocrx_word' id='word_1_405' title='bbox 629 2891 712 2930; x_wconf 88' lang='lat' dir='ltr'>inde</span> <span class='ocrx_word' id='word_1_406' title='bbox 747 2891 793 2928; x_wconf 86' lang='lat' dir='ltr'>ad</span> <span class='ocrx_word' id='word_1_407' title='bbox 822 2891 893 2929; x_wconf 87' lang='lat' dir='ltr'>loci</span> <span class='ocrx_word' id='word_1_408' title='bbox 927 2892 1092 2929; x_wconf 82' lang='lat' dir='ltr'>lacunosi</span> <span class='ocrx_word' id='word_1_409' title='bbox 1125 2891 1341 2929; x_wconf 70' lang='lat' dir='ltr'>contendam</span> <span class='ocrx_word' id='word_1_410' title='bbox 1375 2891 1648 2938; x_wconf 70' lang='lat' dir='ltr'>intellegendam</span> <span class='ocrx_word' id='word_1_411' title='bbox 1685 2892 1861 2932; x_wconf 86' lang='lat' dir='ltr'>redundet</span> 
     </span>
     <span class='ocr_line' id='line_1_42' title="bbox 191 2946 556 2985; baseline 0.005 -3"><span class='ocrx_word' id='word_1_412' title='bbox 191 2946 330 2983; x_wconf 82' lang='lat' dir='ltr'>nescire</span> <span class='ocrx_word' id='word_1_413' title='bbox 352 2956 408 2982; x_wconf 87' lang='lat' dir='ltr'>me</span> <span class='ocrx_word' id='word_1_414' title='bbox 427 2947 556 2985; x_wconf 74' lang='lat' dir='ltr'>fateor.</span> 
     </span>
    </p>
   </div>
   <div class='ocr_carea' id='block_1_8' title="bbox 2018 1321 2034 1748">
    <p class='ocr_par' dir='ltr' id='par_1_9' title="bbox 2018 1321 2034 1748">
     <span class='ocr_line' id='line_1_43' title="bbox 2018 1321 2034 1748; textangle 90"><span class='ocrx_word' id='word_1_415' title='bbox 2018 1455 2034 1748; x_wconf 31' lang='lat' dir='ltr'>hamam-amm)...</span> <span class='ocrx_word' id='word_1_416' title='bbox 2029 1403 2034 1425; x_wconf 69' lang='grc'>.-,</span> <span class='ocrx_word' id='word_1_417' title='bbox 2026 1363 2034 1384; x_wconf 53' lang='lat' dir='ltr'>a..</span> <span class='ocrx_word' id='word_1_418' title='bbox 2032 1344 2034 1346; x_wconf 84' lang='lat'>.</span> <span class='ocrx_word' id='word_1_419' title='bbox 2030 1321 2034 1328; x_wconf 88' lang='lat'>.</span> 
     </span>
    </p>
   </div>
  </div>
 </body>
</html>
