2106 3236
12 2600 17 2603 λ
18 2571 19 2574 „
0 2202 13 2543 WWWWWWV'‘

817 183 1094 224 -49-

119 291 587 337 ΤΟΞΕΝΟΚΡΔΤΟὶ
603 327 614 337 .
631 292 925 336 ΚΑΙΟΥΟΤΔ
1040 292 1101 337 πὸ
1128 291 1461 349 Ξενοκράτου(ς)
1493 293 1567 336 καὶ
1598 305 1756 336 συστα-

119 396 131 406 .
145 395 157 406 .
173 360 920 405 ΙΟΑΥΤωΙΤΟΟΟΥΤΟΜΕΤΗΡ
1039 362 1159 413 θεῇς
1179 356 1317 405 αὗτῶι
1346 362 1533 405 τοσοῦτο
1562 358 1721 418 μετήλ-

235 488 276 522 12
303 488 463 521 ΜετΗΝ
488 486 542 531 Ν,
578 489 635 521 ΗΛ
659 487 688 522 P

236 602 276 636 11
302 601 505 643 συσταθεὶς
525 599 645 646 suppl.
661 599 789 646 Gomp.
814 599 959 636 Wilam.
983 599 1048 636 1.1.

123 724 204 750 cum
233 724 255 750 e
282 714 443 750 convivio
474 723 547 749 non
578 716 662 758 post
692 723 864 751 occasum
892 712 998 757 solis,
1033 711 1097 748 sed
1126 713 1212 756 post
1242 713 1362 746 ortum
1389 710 1604 747 surrexisset
1626 710 1788 747 domum-

121 780 193 816 que
231 770 374 806 rediens
412 769 629 806 xenocratis
674 768 879 814 philosophi
918 770 1102 813 patentem
1142 767 1288 802 ianuam
1326 766 1493 809 vidisset,
1538 767 1620 803 vino
1658 767 1788 812 gravis,

121 826 315 872 ungnentis
345 826 540 870 delibutus,
575 826 682 861 sertis
716 825 836 871 capite
870 824 1047 866 redimito,
1082 822 1267 868 perlucida
1300 827 1399 859 veste
1432 824 1587 860 amictus
1620 823 1789 860 refertam

121 883 232 920 narb·
260 882 449 919 doctorum
483 882 667 917 hominum
700 880 862 916 scholam
897 881 976 916 eius
1005 879 1164 916 intravit.
1212 889 1279 916 nec
1308 882 1499 916 contentus
1533 883 1609 915 tam
1639 879 1791 916 deformi

119 939 273 976 introitu
301 937 467 975 consedit
494 937 619 980 etiam,
654 939 696 971 ut
726 936 966 972 clarissimum
996 935 1180 982 eloquium
1214 941 1251 972 et
1282 936 1563 982 prudentissima
1597 939 1792 983 praecepta

119 994 352 1032 muluitiao
379 993 538 1030 lasciviis
572 994 729 1030 elevaret
759 992 981 1036 (macularet
1003 1003 1096 1038 mgo.
1121 993 1191 1038 Δ).
1239 997 1319 1029 orta
1348 993 1487 1037 deinde,
1522 997 1564 1030 ut
1598 1003 1666 1040 par
1699 997 1790 1037 erat,

121 1051 280 1089 omnium
310 1050 552 1095 indignatione
578 1049 806 1086 Xenocrates
835 1049 972 1085 vultum
1002 1049 1040 1085 in
1069 1048 1193 1085 eodem
1223 1049 1351 1086 habitu
1380 1050 1558 1086 continuit
1588 1050 1792 1096 omissaque

121 1111 175 1151 re,
203 1117 313 1154 quam
336 1106 554 1150 disserebat,
585 1107 631 1143 de
653 1106 829 1142 modestia
857 1115 903 1142 ac
926 1106 1165 1152 temperantia
1190 1105 1289 1152 loqui
1312 1107 1442 1152 coepit.
1490 1107 1594 1143 cuius
1616 1107 1791 1152 gravitate

122 1164 297 1202 samonis
329 1164 542 1211 resipiscere
573 1166 721 1199 coactus
750 1162 896 1199 Polemo
928 1162 1082 1208 primum
1117 1172 1286 1198 coronam
1322 1163 1442 1209 capite
1476 1163 1675 1200 detractam
1706 1174 1791 1209 pro-

122 1221 227 1267 iecit,
260 1221 384 1268 paullo
418 1223 503 1266 post
537 1219 726 1256 brachium
760 1221 855 1256 intra
888 1219 1036 1265 pallium
1072 1219 1233 1264 reduxit,
1271 1219 1490 1265 procedente
1523 1222 1684 1266 tempore
1718 1220 1792 1256 oris

123 1278 320 1316 convivalis
342 1277 561 1314 hilaritatem
584 1276 769 1322 deposuit,
792 1276 840 1312 ad
863 1276 1027 1312 ultimum
1050 1278 1166 1312 totam
1188 1276 1369 1312 luxuriam
1392 1277 1491 1313 exuit
1513 1277 1691 1323 uniusque
1712 1287 1792 1313 ora-

122 1335 233 1373 tionis
266 1334 506 1372 saluberrima
532 1333 711 1369 medicina
740 1334 892 1369 sanatus
922 1343 966 1369 ex
994 1332 1121 1368 infami
1148 1341 1310 1378 ganeone
1344 1333 1520 1369 maximus
1555 1332 1792 1379 philosophus

123 1390 250 1429 evasit.
295 1390 546 1437 peregrinatus
568 1395 626 1426 est
648 1389 757 1426 huius
780 1389 922 1425 animus
945 1390 983 1426 in
1008 1389 1183 1435 nequitia,
1207 1400 1280 1426 non
1304 1390 1489 1426 habitavit.

237 1458 333 1504 orig.
350 1469 381 1495 c.
399 1458 494 1495 Cels.
510 1458 530 1493 1
545 1461 590 1494 64
614 1454 667 1501 ὥς
690 1454 712 1506 ἦ
737 1457 891 1507 ἱστορία
916 1459 1042 1504 φησίν,
1067 1453 1147 1495 ἀπὸ
1173 1454 1380 1503 οἰκήματος
1403 1453 1523 1495 αὐτὸν
1537 1457 1792 1500 (Phaedonem)

123 1514 338 1565 μετήγαγεν
369 1516 423 1560 εἰς
452 1512 672 1563 φιλόσοφον
702 1511 899 1563 διατριβὴν
929 1513 951 1552 o‘
978 1515 1206 1562 Σωκράτης·
1244 1510 1340 1551 ἀλλὰ
1370 1516 1434 1551 καὶ
1463 1511 1532 1561 τὴν
1562 1514 1795 1560 Πολέμωνος

125 1569 299 1613 α’σωτίαν
320 1575 391 1611 τοῦ
415 1571 682 1617 διαδεξαμένου
705 1570 953 1619 Ξενοκράτην
974 1574 1054 1609 κτλ
1085 1591 1129 1597 -—
1164 1571 1218 1606 111
1242 1573 1285 1606 67
1316 1572 1374 1614 τίς
1397 1571 1438 1608 δὲ
1467 1567 1539 1608 τὸν
1561 1568 1658 1617 μετὰ
1684 1566 1794 1618 αὐλη-

124 1632 253 1679 τρίδος
274 1633 340 1668 καὶ
362 1631 579 1674 κωμαστῶν
611 1630 692 1664 τῶν
714 1628 1110 1674 συνασωτευσαμένων
1133 1624 1366 1675 εἰσβαλόντα
1398 1627 1452 1671 εἰς
1474 1624 1544 1675 τὴν
1566 1631 1637 1666 τοῦ
1660 1641 1794 1674 σεμνο-

126 1685 246 1726 τάτου
269 1683 537 1733 Ξενοκράτους
559 1684 768 1733 διατριβήν,
788 1680 844 1721 ιν’
867 1685 1048 1752 ἐνυβρίσρ
1071 1683 1210 1732 ἄνδρα,
1239 1680 1287 1721 σ“ν
1308 1687 1373 1721 καὶ
1397 1683 1436 1722 οι
1459 1683 1605 1733 ἑταῖροι
1627 1682 1794 1730 έθαύμα·

126 1746 208 1790 ζον,
218 1757 278 1810 οου
301 1737 414 1791 φήσει
438 1740 595 1781 πάντων
617 1755 880 1809 μιαρωταῖον
888 1738 984 1779 εἶναι
1008 1737 1248 1790 οἷνθρώπωνς
1282 1736 1370 1778 ἄλλ’
1396 1755 1503 1787 ομως
1524 1741 1654 1788 ισχυσε
1678 1738 1796 1789 λόγος

129 1829 159 1838 ..
173 1827 183 1837 .
207 1794 331 1838 ἇῖστε.
366 1796 471 1837 ,τὸν
488 1799 718 1845 Πολέμωνα,
740 1795 820 1843 ἐξ’
795 1796 952 1836 ασιότου
966 1795 1178 1845 γενόμενον
1194 1797 1530 1845 σωφρονέστατον,
1553 1798 1794 1842 διαδέξασθαι

126 1857 200 1906 τήν
222 1860 292 1895 τοῦ
315 1853 523 1905 διαβοήτου
544 1854 606 1893 ἐπὶ
630 1853 832 1903 σεμνότητι
855 1855 1123 1903 Ξενοκράτους
1145 1851 1350 1902 διατριβήν.

235 1925 428 1970 Augustin.
446 1927 573 1960 contra
595 1924 664 1960 Iul.
680 1924 757 1960 Pel.
774 1924 809 1967 Ι,
834 1928 869 1970 7,
885 1927 928 1960 35
952 1923 1104 1967 mallem,
1129 1921 1182 1958 fili
1205 1922 1355 1967 Iuliane,
1380 1925 1421 1957 ut
1442 1922 1628 1982 iuventute
1650 1923 1795 1959 meliore

127 1984 237 2028 atquc
258 1977 410 2018 'fortiore
432 1984 470 2016 te
491 1981 746 2017 vinceres..
777 1982 815 2016 et
845 1980 944 2016 sicut
966 1979 1127 2025 Polemo,
1156 1978 1321 2015 luxuriae
1349 1978 1491 2014 coronis
1522 1969 1654 2015 sensim
1678 1979 1796 2024 capite

128 2036 300 2074 den-actis
324 2037 446 2083 daque
468 2036 635 2083 abiectis,
658 2047 800 2073 manum
825 2036 935 2082 pallio
958 2036 1128 2079 subdidit,
1154 2046 1196 2073 os
1219 2038 1256 2072 et
1278 2034 1415 2071 vultum
1436 2035 1603 2071 formavit
1625 2036 1672 2071 ad
1695 2045 1795 2071 vere-

129 2094 314 2139 οωιδίιω,
343 2093 391 2129 ad
414 2096 612 2130 extremum
635 2095 751 2129 totum
775 2103 815 2129 se
837 2093 906 2138 ini,
935 2093 983 2128 ad
1006 2102 1110 2138 quem
1133 2092 1368 2129 deridendum
1390 2096 1552 2137 venerat,
1582 2092 1796 2138 discipulum

127 2149 298 2187 tradidit:
334 2149 388 2186 sic
410 2152 448 2185 et
469 2153 510 2185 tu
527 2176 537 2185 .
556 2178 565 2185 .
582 2176 591 2185 .
608 2153 781 2196 tanquam
805 2159 959 2186 coronas
990 2150 1214 2186 ebriosorum
1245 2149 1406 2185 abiceres
1436 2148 1563 2184 laudes
1586 2148 1796 2193 Pelagisno-

126 2217 207 2243 rum
230 2233 240 2243 .
257 2233 267 2242 .
283 2232 294 2242 .
317 2208 491 2252 tuumque
512 2209 642 2252 pectus
664 2206 815 2243 veritate
838 2205 1090 2252 complendum
1112 2216 1185 2242 non
1206 2206 1394 2242 Platonico
1417 2205 1631 2248 Xenocrati,
1653 2205 1717 2241 sed
1735 2233 1744 2241 .
1759 2231 1769 2240 .
1785 2232 1794 2240 .

129 2263 284 2300 Domino
307 2263 453 2302 Christo
472 2288 484 2298 .
501 2288 511 2298 .
529 2290 537 2298 .
561 2262 735 2299 traderes.

240 2319 341 2356 Idem
363 2320 468 2366 epist.
489 2322 569 2361 144,
587 2323 607 2355 2
631 2319 855 2356 Xenocrates
871 2318 1117 2363 Polemonem,
1142 2322 1184 2354 ut
1207 2319 1366 2355 scribitis
1389 2319 1459 2365 <ad
1483 2318 1664 2355 Cirtenses
1690 2318 1795 2365 epist.

127 2376 214 2412 data
228 2378 306 2420 est)
329 2380 366 2412 et
382 2386 449 2412 nos
465 2386 510 2412 ex
525 2376 597 2421 ijlis
612 2376 741 2412 litteris
757 2375 1000 2419 recordamur,
1023 2374 1068 2410 de
1083 2374 1186 2420 fruge
1201 2376 1461 2421 temperantiae
1481 2375 1699 2421 disputando
1724 2385 1795 2410 non

128 2431 246 2468 solum
268 2432 466 2477 ebriosum,
489 2442 611 2468 verum
635 2433 741 2469 etiam
765 2435 853 2468 tunc
876 2431 1015 2467 ebrium
1038 2431 1086 2466 ad
1110 2441 1227 2468 mores
1251 2431 1344 2468 alios
1367 2435 1516 2478 repente
1539 2423 1727 2467 convertit:

244 2514 285 2547 12
299 2522 375 2557 sqq.
406 2511 449 2547 L.
474 2511 576 2556 Diog.
602 2511 654 2547 IV
683 2515 720 2547 Π
747 2511 932 2556 Antigono
954 2512 1105 2546 auctore
1136 2514 1328 2549 τοσοῦτον
1351 2511 1391 2548 δὲ
1413 2509 1596 2548 ἐπιτεῖναι
1628 2508 1674 2548 τὸ
1699 2504 1797 2557 ἦθος

129 2562 347 2617 ἀρξάμενον
375 2570 614 2614 φιλοσοφεῖν,
648 2561 743 2605 ὥστ’
768 2566 831 2605 ἐπὶ
860 2561 1003 2604 ταύτοῦ
1032 2564 1227 2614 σχήματος
1257 2570 1326 2616 τῆς
1352 2570 1506 2615 μορφῆς
1534 2565 1702 2605 πάντοτε
1731 2567 1795 2613 μέ·

129 2634 223 2663 νειν·
249 2620 345 2663 α’λλᾶ
369 2626 434 2661 καὶ
457 2620 526 2672 τὴν
549 2621 682 2671 φωνὴν
703 2619 968 2667 ἀναλλοίωτος
989 2617 1046 2669 ἧν.

242 2681 376 2718 Amen.
405 2681 491 2727 epit.
516 2681 550 2716 11
575 2684 653 2717 449
690 2681 874 2726 Πολέμων
904 2675 940 2717 δ’
970 2677 992 2717 ὁ
1023 2676 1293 2727 Ἀκαδημαικὸς
1326 2675 1540 2728 α’ρξιίμενος
1575 2675 1654 2717 ἀπὸ
1691 2677 1796 2725 τριά-

128 2751 249 2776 κοντα
287 2735 388 2775 ἐτῶν
424 2734 662 2786 ὕδροπότησε
701 2738 811 2785 μέχρι
851 2734 1041 2779 θανάτου,
1080 2733 1133 2780 ὡς
1172 2734 1242 2783 ἔφη
1277 2732 1489 2784 Ἀντίγονος
1525 2732 1546 2773 ὃ
1584 2734 1798 2783 Καρύστιος

129 2798 179 2840 (p.
196 2797 240 2830 oo
258 2794 426 2838 wssm.).

243 2850 342 2887 Suid.
366 2861 399 2887 s.
425 2848 627 2896 Πολέμωνε
659 2847 828 2898 ἐγεγόνει
853 2850 892 2887 δὲ
921 2846 1072 2897 σφόδρα
1096 2846 1266 2892 ἄσωτος,
1299 2844 1373 2886 εἶτ’
1396 2846 1690 2897 ἐφιλοσόφησεν.

244 2908 293 2945 id.
317 2918 346 2944 s.
372 2907 552 2955 Διογένης
575 2918 613 2943 c:
645 2904 701 2945 ‘tt'
722 2907 794 2955 χρὴ
819 2908 907 2954 περὶ
931 2909 997 2952 τῆς
1019 2902 1176 2953 α’νδρίας
1201 2906 1406 2953 Διογένους
1428 2905 1561 2953 λέγειν,
1588 2907 1654 2952 τῆς
1676 2902 1796 2954 πραό-

132 2976 246 3010 τητος
268 2962 555 3012 Ξενοκράτους,
578 2991 679 3000 .....
708 2961 915 3006 Πλάτωνος
938 2959 1191 3009 σεμνότητος,
1217 2962 1447 3008 Πολέμωνος
1468 2959 1728 3009 ἐγκρατείας-ς’

200 3026 357 3061 unm,
383 3026 475 3054 Index
493 3027 741 3055 Academicorum.
1506 3023 1523 3054 'I
