2034 3230
840 180 1163 212 -xxx-

170 284 248 324 est.
307 279 420 323 addo
459 292 572 334 quae
610 292 664 323 ex
696 280 922 337 Hermippi
950 280 1060 324 libro
1089 286 1389 339 excerpuntur‚
1428 283 1486 327 ad
1514 284 1689 329 verbum
1719 282 1844 329 reddi

169 346 319 401 videri,
350 346 395 390 id
416 346 531 403 quod
561 360 586 391 e
614 348 830 404 particula
858 347 1204 394 adversationem
1234 351 1304 394 vel
1324 352 1689 397 continuationem
1709 353 1843 408 signi-

171 415 327 459 ficante
356 415 534 470 colligo:
566 421 742 470 Χαίρων
773 417 817 461 ὁ·
847 413 871 461 ὁ
903 423 952 461 11.
997 416 1221 474 Hermippi
1250 431 1405 463 nomen
1437 420 1484 464 in
1512 419 1758 466 narratione
1788 420 1844 466 de

168 483 341 526 oraculo
381 482 626 528 adulterino
664 483 804 542 deque
842 486 1029 531 sontium
1067 498 1156 529 una
1193 498 1288 540 cum
1330 485 1561 532 Heraclide
1601 487 1843 534 theororum

167 555 302 595 morte
322 550 522 596 sabulosa
540 552 621 602 (IX
643 553 703 606 Χ)
733 555 814 599 etsi
836 566 1047 611 nusquam
1077 553 1248 609 legitur,
1278 557 1425 599 tamen
1453 569 1540 600 non
1559 555 1710 600 dubito
1736 556 1843 614 quIn

167 619 291 663 initio
330 620 469 665 locum
500 621 712 666 babuerit.
771 622 841 666 bic
880 634 1052 679 quoque
1082 622 1215 665 multo
1253 622 1429 667 uberius
1467 636 1536 667 res
1569 624 1844 681 explicantur

167 700 296 743 quam
319 689 437 745 apud
452 690 714 745 Diogenem:
745 690 914 735 accedit
934 689 1049 746 quod
1069 691 1206 734 oratio
1226 690 1404 746 directa,
1426 703 1555 748 quam
1575 690 1651 736 ille
1668 704 1844 749 prorsus

167 755 444 812 oblitteravit,
477 771 637 814 magna
666 773 721 803 ex
750 763 874 816 parte
904 762 1078 803 servata
1107 762 1172 803 est
1201 758 1282 811 (IX
1307 762 1464 814 1-113
1493 759 1568 812 X).

281 824 335 869 de
375 826 598 870 Timaeo
638 827 896 872 Xenocratis
931 827 1168 883 biographo
1197 841 1238 883 p.
1260 830 1332 877 43,
1371 827 1426 872 de
1459 826 1696 873 Diodoro
1724 841 1766 886 p.
1786 832 1841 873 5⁶1

169 893 260 936 dixi
277 896 319 945 ¹).

278 966 411 1006 restat
441 967 487 1006 ut
516 962 622 1007 duos
651 963 790 1009 fontes
820 965 1077 1022 praecipuos
1107 964 1294 1008 breviter
1313 964 1540 1020 attingam,
1570 964 1841 1020 Antigoni

167 1028 355 1086 Carystii
374 1030 498 1075 Vitas
528 1031 875 1089 philosophorum
907 1034 953 1077 in
974 1033 1120 1077 antica
1148 1031 1286 1076 libelli
1315 1037 1439 1089 parte
1467 1032 1770 1090 praevalentes
1798 1037 1843 1078 et

165 1098 494 1154 Apollodori
526 1099 740 1145 Chronica
769 1102 966 1159 opusculi
1000 1101 1080 1146 sub
1110 1099 1236 1144 finem
1266 1101 1484 1157 vergentis
1513 1101 1654 1145 locum
1683 1101 1840 1158 prima-

165 1166 275 1209 rium
305 1167 575 1224 occupantia.
630 1168 684 1213 de
715 1174 895 1227 utroque
926 1183 954 1214 a
982 1170 1167 1214 strenuis
1196 1168 1525 1224 sospitatoribus
1555 1168 1664 1213 satis
1693 1181 1841 1226 super·

165 1247 250 1290 que
280 1239 345 1279 est
375 1235 700 1293 disputatum),
732 1238 846 1282 unde
875 1237 921 1282 fit
951 1242 998 1282 ut
1017 1251 1158 1295 pauca
1187 1241 1353 1281 tantum
1384 1236 1546 1282 addere
1575 1250 1684 1293 opus
1711 1237 1782 1281 sit.

278 1307 321 1347 et
340 1304 547 1360 Antigoni
578 1306 750 1363 quidem
772 1306 1116 1351 characterismis
1145 1306 1352 1350 nonnulla
1371 1306 1638 1350 incrementa
1655 1305 1842 1363 amplior

164 1371 393 1416 voluminis
412 1374 567 1418 notitia
587 1374 766 1419 addidit.
806 1375 1047 1419 refecerunt
1076 1388 1150 1419 eos
1180 1373 1324 1431 quoad
1355 1373 1446 1418 fieri
1471 1374 1612 1431 potuit
1632 1374 1839 1419 Wilamo-

164 1439 298 1483 witzii
336 1453 465 1486 curae
503 1455 712 1487 consensu
744 1444 906 1488 Laertii
944 1448 1076 1500 atque
1115 1443 1246 1487 nostri
1283 1442 1511 1487 manifesto
1547 1442 1672 1488 nisae
1712 1442 1841 1500 eique

164 1508 305 1564 operis
334 1508 563 1566 biographi
594 1513 707 1568 parti
738 1525 852 1569 quae
882 1512 927 1555 in
957 1510 1212 1556 enarrandis
1242 1511 1632 1568 quattuorvirorum
1661 1522 1840 1555 venera-

163 1576 315 1620 bilium
345 1582 442 1634 post
462 1578 721 1625 Xenocratis
747 1580 908 1624 obitum
930 1579 1211 1624 Academiam
1241 1578 1553 1623 moderantium
1573 1578 1675 1623 vitis
1695 1590 1839 1623 versa-

163 1644 301 1699 batur,
333 1646 471 1691 lucem
502 1648 751 1692 attulerunt.
811 1649 1023 1693 accedunt
1052 1649 1277 1692 columnae
1307 1646 1345 1691 S
1361 1646 1415 1701 P,
1446 1660 1556 1704 quas
1584 1646 1840 1703 Antigoneis

163 1713 408 1759 adscribere
452 1729 536 1759 non
581 1716 729 1762 dubito
741 1720 788 1773 ³),
834 1717 1045 1762 accedunt
1087 1717 1133 1760 in
1168 1716 1341 1772 paginis
1385 1716 1472 1760 iam
1508 1729 1537 1760 a
1574 1714 1840 1761 Buecheler-o

279 1911 310 1951 1)
334 1908 505 1945 Auctoris
529 1919 657 1945 nomen
682 1910 788 1956 periit
810 1910 827 1946 1
849 1912 887 1946 18
912 1910 1043 1957 (φησί),
1082 1907 1118 1944 Y
1130 1912 1150 1944 2
1167 1908 1299 1955 (φησί),
1330 1907 1364 1942 11
1382 1910 1426 1943 34
1450 1908 1581 1955 (φησιν
1603 1907 1760 1954 scriptor
1781 1907 1839 1944 di·

163 1974 288 2001 versus
312 1974 335 2001 a
358 1964 524 2002 Neanthe
548 1967 669 2003 statim
694 1967 928 2008 nominando,
958 1967 1042 2003 fort.
1069 1975 1175 2012 quem
1200 1963 1366 2002 Laertius
1391 1963 1452 2007 [ad
1476 1975 1506 2000 v.
1526 1966 1583 2008 32]
1611 1962 1738 2001 laudat
1760 1964 1837 2001 An·

162 2022 231 2060 ileo
255 2022 292 2058 in
316 2022 568 2059 chronicorum
592 2023 880 2067 1.11[FHG.1v
898 2026 1005 2068 3061),
1035 2022 1158 2058 XVIII
1176 2025 1219 2058 33
1237 2025 1315 2064 (wc
1340 2024 1459 2069 φησι),
1484 2020 1582 2064 alibi,
1608 2021 1693 2058 fort.
1710 2020 1838 2068 11²7,

163 2078 210 2116 cf.
236 2082 292 2116 31.
324 2100 368 2107 -
406 2080 619 2117 creberrime
654 2081 859 2117 nominibus
896 2091 968 2116 non
998 2079 1130 2115 additis
1169 2078 1374 2115 testimonia
1401 2077 1655 2124 proferuntur:
1693 2077 1762 2114 vn
1793 2081 1838 2115 ²9

163 2139 317 2183 (φασιν),
341 2136 371 2173 S
387 2139 441 2173 27.
463 2158 507 2164 -
533 2137 562 2173 S
580 2141 631 2174 19.
662 2138 760 2181 τινὲς
784 2138 979 2174 laudantur
1002 2137 1090 2180 136,
1120 2135 1173 2172 lx
1200 2139 1230 2172 1.
1249 2139 1281 2181 2,
1312 2134 1383 2171 XII
1400 2137 1432 2178 8,
1463 2133 1550 2171 XVI
1570 2137 1623 2171 14.
1642 2137 1698 2171 41.
1734 2134 1834 2173 830.

163 2192 199 2229 P
216 2197 267 2230 17.
291 2194 411 2230 XVIII
430 2197 484 2230 37.
504 2197 560 2240 38,
584 2191 678 2233 ἔνιοι
694 2195 781 2231 VIII
800 2197 860 2238 11,
884 2194 1024 2231 πολλοί
1038 2193 1073 2230 Χ
1090 2196 1151 2238 34,
1183 2190 1292 2231 ἄλλοι
1316 2191 1355 2228 Χ
1368 2194 1388 2228 2
1412 2191 1472 2235 (cf.
1490 2200 1603 2238 supra
1618 2202 1655 2238 p.
1671 2189 1834 2236 xxva).

255 2265 289 2307 2)
314 2262 370 2298 De
387 2263 567 2308 Antigono
589 2267 738 2309 egerunt
755 2264 931 2309 Gomperz
956 2263 1046 2298 Anz.
1071 2273 1106 2308 p.
1124 2265 1187 2303 41
1210 2260 1291 2297 Jen.
1309 2260 1350 2296 L.
1368 2260 1407 2296 Z.
1433 2271 1469 2306 p
1486 2262 1567 2302 603.
1593 2258 1835 2296 Wilamovitz

163 2321 246 2354 Ant.
263 2329 298 2365 p.
316 2322 359 2355 55
373 2330 449 2366 sqq.
476 2319 536 2362 (cf.
562 2320 744 2366 Lortzing‚
768 2319 977 2357 Jahresber.
994 2319 1019 2355 ἲ.
1036 2319 1314 2360 Altertbumsv„
1342 2317 1406 2353 ssd.
1423 2316 1774 2363 Lxxxansss.
1791 2318 1834 2363 1.]

162 2387 196 2422 p.
228 2376 390 2421 182),de
414 2376 635 2423 Apollodoro
660 2377 804 2423 Roeper
834 2379 872 2413 et
902 2376 1078 2422 Gomperz
1108 2374 1197 2411 locis
1227 2386 1261 2421 p.
1286 2377 1331 2411 92
1354 2374 1532 2411 indicatis.
1554 2393 1602 2402 —
1626 2374 1833 2422 Gompoezii

162 2433 206 2469 de
237 2433 416 2478 Antigono
445 2433 555 2471 verba
582 2434 725 2471 adferre
754 2433 859 2470 libet.
899 2432 968 2469 Die
996 2433 1238 2480 yemeinsame
1267 2429 1392 2475 Ouelle
1419 2441 1570 2468 anseres
1591 2431 1729 2468 Aulon*
1759 2430 1837 2468 und

162 2489 225 2526 des
259 2489 455 2537 moqencs,
491 2501 560 2526 aus
594 2490 659 2527 der
694 2490 794 2527 nicht
828 2490 967 2537 meniqe
1000 2489 1080 2534 fast
1115 2487 1281 2525 marcholt
1316 2486 1678 2526 eboreiam-made
1709 2486 1833 2525 Noch-

162 2546 302 2584 nemen
319 2547 395 2583 und
411 2545 571 2584 Urtlaeile
584 2546 841 2590 (vomehmlich
865 2547 903 2582 in
927 2545 994 2583 der
1010 2545 1249 2593 Darstellunq
1264 2545 1328 2582 dee
1347 2544 1517 2582 Polemon
1540 2544 1620 2581 una
1639 2543 1704 2582 dos
1718 2543 1834 2583 Arke-

162 2604 288 2647 silaos)
315 2603 495 2652 qeflossen
530 2603 616 2640 sind
644 2624 687 2630 -
718 2604 799 2640 eine
835 2597 1196 2651 Ubereimtr’mmunq,
1226 2602 1286 2639 die
1313 2613 1355 2639 so
1390 2602 1472 2638 mei«
1505 2601 1610 2649 pem,
1644 2599 1732 2638 dm
1765 2601 1834 2638 wir·

162 2659 325 2698 mehrerc
350 2659 529 2697 Verseloen
553 2660 618 2697 der
634 2660 818 2708 Dioqenes
841 2659 931 2697 oder
953 2660 1073 2697 seir-er
1088 2658 1326 2697 Absoleren'ber
1348 2657 1527 2696 nun-relat·
1549 2657 1614 2695 mit
1629 2656 1833 2696 siaha-luere

163 2716 386 2764 berichtiqen
402 2716 546 2754 konnen
564 2737 606 2744 -
631 2718 690 2761 ise,
714 2718 781 2754 mie
795 2717 873 2754 sicle
890 2718 955 2755 mit
970 2717 1116 2755 vollseer
1134 2715 1297 2755 Eosdem
1313 2716 1484 2753 ermim-
1500 2714 1602 2759 laser,
1624 2714 1832 2763 Antinous

163 2784 233 2811 von
259 2772 452 2820 Karystos,
482 2773 549 2811 der
563 2775 729 2822 junqere
753 2773 985 2822 Zeitqenosse
1008 2774 1072 2811 des
1094 2772 1316 2811 Arkmtaos.

278 2844 312 2883 8)
338 2841 366 2877 S
385 2846 425 2878 19
449 2839 542 2881 ἔνιοι
565 2845 629 2886 (sc.
647 2843 694 2879 ab
710 2842 891 2889 Antigono
907 2842 1050 2887 diversi)
1073 2842 1247 2890 supplevi,
1270 2851 1343 2890 quo
1359 2851 1431 2878 non
1455 2849 1563 2877 unm
1586 2840 1631 2877 de
1646 2838 1831 2878 cantoris

163 2898 341 2943 supremis
366 2898 542 2935 mandatis
567 2899 680 2936 fuisse
703 2899 908 2937 memoriam
925 2898 1181 2946 significarem:
1205 2900 1450 2937 veruntamen
1465 2906 1572 2945 quam
1587 2896 1728 2935 hoen
1742 2906 1829 2945 sup·

163 2954 343 3000 plementa
368 2955 450 2991 inde
473 2966 495 2991 a
518 2967 549 2992 v.
572 2959 610 2991 16
635 2956 883 3004 proposuerim
908 2957 1021 3003 probe
1045 2955 1131 2993 scio.

2027 1383 2034 1408 ᾳ..
2021 1304 2034 1375 aza-2:⁴⁴.
2030 1294 2034 1295 1
2028 1268 2030 1275 ἡ

2030 2209 2034 2212 Α
2022 2186 2026 2191 v
2006 1655 2034 2171 assxmfflfflssw
2020 1418 2034 1651 Q...
