2034 3230
912 165 1244 198 —m-

736 265 930 324 κλείδ(ης
959 264 1185 311 πιστεύων
1214 265 1260 311 ἒ-

737 333 940 392 mmunes
970 367 979 378 .
1001 367 1011 378 .
1033 367 1044 378 .

243 401 296 445 de
327 401 505 458 reliquis
535 400 787 457 fragmentis
817 415 919 459 pap.
942 416 972 459 p
1002 400 1180 446 videant
1208 402 1286 446 alii
1303 405 1345 455 ¹).
1991 443 1998 447 .

356 480 434 524 IX.
494 480 722 535 Pergerem
767 480 854 524 iam
899 479 956 524 ad
994 480 1133 525 libelli
1176 485 1476 536 argumentum
1519 486 1651 541 atque
1693 483 1916 542 scriptoris
1999 508 2001 510 ·

242 548 466 592 consilium
513 553 719 605 quantum
764 549 924 606 possim
969 549 1118 606 primis
1155 548 1284 594 lineis
1322 548 1658 607 designandum,
1702 552 1788 598 nisi
1825 565 1917 598 una
2005 545 2008 548 ’

241 617 492 674 praesertim
524 630 674 672 cansa,
706 630 761 662 ea
790 621 934 662 antem
964 618 1223 674 gravissima
1251 620 1414 661 rectum
1446 617 1500 663 de
1528 618 1611 664 hae
1635 632 1688 673 re
1706 618 1913 666 indiciam

242 687 395 730 scirem
443 699 608 730 summo
656 699 786 743 opere
834 685 1055 743 impediri:
1109 686 1297 743 partium
1346 684 1443 730 dico
1493 686 1610 732 haud
1657 687 1916 744 exigam

244 755 472 809 iacturam,
512 754 567 799 de
596 768 683 812 qua
713 755 843 800 etiam
881 758 977 811 post
1013 754 1302 811 suspicionem
1332 767 1361 798 a
1389 754 1624 811 Spengelio
1652 754 1918 802 Buechelero
1992 751 1998 794 ‘s

244 824 439 880 Roepero
450 825 483 875 ²)
523 822 643 867 brevi
674 823 941 868 enuntiatam
972 836 1056 867 non
1085 835 1256 879 possum
1293 821 1397 879 quin
1427 823 1624 879 pluribus
1652 837 1793 880 agam.
1850 825 1917 870 in·

243 892 361 947 spice
397 892 531 946 igitur
573 891 699 936 sodes
741 891 978 935 Stoicorum
1017 890 1201 935 indicem
1246 889 1374 934 hodie
1412 890 1586 948 quidem
1617 892 1811 938 LXXIX
1848 904 1917 938 co·
1991 908 1994 909 ⁷

244 959 401 1003 lumnis
436 963 699 1005 constantem
713 963 759 1015 ³),
799 973 896 1004 cum
935 959 1075 1003 minus
1105 959 1141 1002 L
1179 962 1325 1003 noster
1354 960 1674 1017 complectatur,
1713 965 1758 1006 et
1794 961 1917 1006 illum
1987 981 2002 1022 3·

244 1027 461 1084 perpende
497 1041 525 1071 a
560 1028 735 1073 Zenone
773 1028 942 1072 demum
981 1026 1241 1071 Xenocratis
1271 1027 1601 1085 Polemonisqne
1639 1029 1815 1086 aequali
1851 1029 1919 1074 in·
1982 1061 1983 1065 ,

244 1096 365 1139 itium
411 1109 578 1153 capere,
624 1101 850 1154 utrumque
895 1099 1060 1150 autem,
1106 1093 1221 1151 quod
1259 1108 1338 1139 usu
1383 1097 1501 1140 venit
1544 1097 1590 1140 in
1627 1096 1918 1143 voluminibus
1988 1116 1992 1143 1

246 1164 503 1208 Herculanei
527 1165 707 1221 repertis
718 1168 764 1217 ⁴),
796 1164 920 1208 initio
941 1167 1198 1208 truncatum.
1238 1164 1360 1219 atqui
1382 1164 1547 1208 Zenoni
1566 1177 1592 1210 e
1610 1166 1795 1211 servatis
1812 1164 1919 1211 duo·
1997 1178 2001 1194 ³

245 1231 383 1276 decim
413 1233 564 1276 saltem
596 1234 782 1289 paginas
812 1244 1038 1277 concessas
1078 1244 1173 1275 esse
1202 1230 1332 1276 facile
1362 1245 1598 1288 cognoscas
1610 1234 1656 1289 ⁶),
1694 1237 1742 1278 at
1770 1236 1921 1279 eontra
1986 1251 1999 1285 2

246 1300 438 1344 Platonis
467 1301 584 1345 vitae
613 1300 924 1346 describendae
955 1303 1051 1344 octo
1079 1300 1300 1344 columnas
1330 1301 1364 1344 1.
1386 1301 1540 1345 11.111.
1561 1300 1612 1345 V.
1636 1300 1705 1346 v1.
1730 1300 1785 1346 X.
1812 1299 1861 1347 Y.
1881 1301 1927 1346 Ζ

246 1369 444 1412 nimirum
475 1367 670 1414 sufficere
701 1382 786 1413 non
816 1369 1022 1426 potuisse.
1083 1368 1240 1412 etenim
1262 1367 1527 1414 Academiae
1555 1369 1834 1414 institutionis
1862 1382 1920 1415 ne
1982 1365 1994 1421 'fs

245 1437 403 1481 mentio
433 1437 606 1493 quidem
637 1437 694 1492 fit,
726 1437 781 1481 de
810 1437 948 1494 ipsius
977 1435 1152 1480 scholae
1180 1437 1374 1493 parentis
1403 1437 1572 1482 ratione
1601 1436 1785 1483 docendi
1813 1436 1920 1495 quid
1988 1435 2002 1484 s

244 1504 416 1548 libellus
446 1505 600 1561 prodat
629 1505 788 1551 frustra
818 1517 1003 1561 quaeras
1017 1505 1064 1560 ⁶),
1096 1503 1150 1548 de
1180 1504 1302 1549 libris
1332 1518 1360 1549 a
1388 1504 1571 1550 Platone
1599 1505 1771 1563 seriptis
1799 1506 1921 1551 nulla
1995 1516 1998 1543 ῑ

363 1644 394 1684 1)
420 1640 519 1684 [Sero
551 1640 621 1676 vidi
650 1641 757 1677 etiam
786 1651 806 1677 σ
830 1641 895 1677 sin.
928 1650 1009 1677 cum
1040 1640 1070 1687 f
1086 1639 1199 1677 dextr.
1225 1639 1324 1677 coire
1353 1642 1391 1677 et
1413 1641 1615 1687 fragmenta
1636 1640 1809 1688 copulam
1837 1651 1922 1679 cnm
1982 1627 1985 1661 s

247 1698 294 1734 Vl
317 1701 355 1734 12
381 1702 429 1744 (p.
448 1701 503 1741 35)
527 1702 669 1734 tantum
692 1708 765 1735 non
791 1698 838 1735 ad
862 1698 1037 1735 amussim
1063 1707 1270 1743 congruere,
1298 1707 1416 1743 neque
1438 1698 1510 1734 hoc
1532 1698 1634 1743 satis,
1657 1697 1723 1736 aed
1743 1697 1835 1736 mad
1854 1697 1921 1736 ad·
1995 1715 1996 1718 ¹

246 1754 480 1791 ditamentnm
506 1755 701 1800 marginale
724 1755 761 1791 in
778 1755 808 1792 P
831 1758 938 1800 (qnae
962 1754 1047 1791 inde
1070 1753 1249 1791 accedunt
1272 1754 1413 1791 uncinis
1437 1754 1616 1800 angulatis
1639 1754 1774 1803 saepsi)
1795 1764 1920 1802 quan·

246 1812 297 1847 vis
322 1822 386 1857 per
409 1812 597 1848 duodecim
622 1812 822 1849 versiculos
848 1811 1069 1849 descendens
1094 1810 1299 1847 continuari
1321 1811 1450 1848 videri:

1206 1869 1290 1914 <Tc-

834 1926 1006 1973 μό>λαος
1032 1926 1148 1972 (καὶ)
1170 1925 1397 1974 ᾼξργέν9<ςῖ

836 1981 1047 2031 Ἀθηναῖος
1070 1979 1145 2027 (δῖ)
1173 1980 1398 2031 Τκμ>όλαος

834 2039 877 2079 ἐν
901 2043 970 2078 τῶι
993 2041 1284 2090 <neassetanus

835 2095 991 2142 ἇπλῶςῗ
1021 2096 1197 2145 ὶσ)τορεῖ,
1226 2100 1349 2136 Σπευ-

835 2154 980 2191 σίππου
1004 2150 1144 2199 πάν)τα
1167 2150 1326 2208 ἐξᾴραν·

246 2267 368 2314 itaqne
393 2267 587 2304 certissime
603 2267 722 2305 Oenae
745 2213 914 2305 feralitsma)
937 2268 1078 2306 duobus
1101 2268 1287 2306 minimum
1303 2267 1502 2305 Platonicis
1524 2268 1560 2304 in
1582 2267 1831 2316 praeceptoria
1853 2267 1917 2307 ho-
1976 2300 1983 2311 Α,

247 2334 368 2361 norem
394 2324 551 2371 scriptae
573 2324 706 2361 mentio
737 2325 869 2363 iniecta
899 2330 993 2370 erat,
1024 2324 1322 2373 quemadmodum
1350 2327 1473 2362 autem
1501 2324 1675 2362 memoria
1701 2324 1741 2362 in
1770 2325 1800 2362 P
1827 2328 1866 2363 et
1890 2336 1916 2373 p
1980 2339 1985 2382 j

246 2380 423 2417 dissidens
449 2382 699 2419 concinnanda
722 2382 770 2419 sit
792 2383 941 2427 nescim]
1981 2394 1989 2409 ’-

360 2439 393 2480 2)
417 2437 547 2483 Speng.
571 2449 608 2484 p.
626 2441 705 2475 537.
729 2441 807 2475 538.
834 2442 912 2476 540.
959 2439 1159 2477 Buecheler
1181 2450 1217 2486 p.
1235 2442 1266 2474 3.
1314 2437 1429 2485 Roep.
1453 2448 1489 2484 p.
1507 2440 1550 2474 2³
1576 2440 1723 2485 praeter
1745 2437 1831 2476 libri
1851 2447 1915 2476 ex-
1978 2434 1993 2490 ς’

246 2493 385 2530 ordinm
409 2494 546 2540 aliquot
569 2495 707 2532 mediae
730 2497 846 2542 partis
872 2495 1056 2532 columnas
1081 2495 1262 2533 interiisse
1286 2496 1494 2542 suspicatus
1517 2498 1584 2532 est.
1976 2504 1977 2507 ¹

361 2554 395 2595 3)
418 2551 460 2587 In
485 2562 557 2597 qno
579 2552 675 2599 qnod
692 2552 873 2589 Posidonii
897 2562 963 2589 nec
987 2553 1067 2590 vola
1090 2563 1156 2590 nee
1179 2552 1366 2599 vestigium
1388 2555 1510 2590 exstat
1531 2551 1713 2598 (compar.
1728 2561 1767 2598 p.
1786 2553 1916 2598 icam),
1974 2567 1986 2599 j.

246 2607 277 2642 εἰ
302 2607 354 2643 rei
377 2618 448 2644 non
474 2609 617 2645 nimiam
640 2609 709 2645 vim
734 2610 938 2655 tribuerim,
969 2610 1137 2656 qnoniam
1169 2611 1375 2646 ultimarum
1407 2608 1635 2657 potissimum
1661 2607 1791 2646 indlch
1811 2608 1913 2655 pagl-
1978 2607 1981 2638 ἰ

246 2674 371 2699 narum
389 2664 552 2701 Panaetii
576 2665 799 2712 disciplinam
824 2667 1083 2703 continentium
1106 2673 1230 2714 partes
1254 2666 1443 2703 inferiores
1465 2665 1718 2703 dommum
1740 2667 1916 2711 opu-unt
1986 2670 1991 2702 ἱ

247 2723 282 2756 et
310 2721 430 2767 poche
453 2722 590 2758 notizie
613 2722 658 2759 de
680 2722 896 2769 philosopho
919 2724 1079 2761 auctoris
1102 2723 1244 2770 aequali
1267 2721 1489 2760 suffecerint.

360 2781 394 2820 4)
419 2778 583 2826 Compar.
602 2778 723 2816 Balsa.
740 2791 775 2826 p.
794 2783 874 2816 ¹5³:
898 2779 1023 2817 Anclu
1037 2780 1099 2817 dei
1112 2779 1245 2827 mqlio
1261 2778 1468 2816 cosman
1481 2776 1511 2815 r'l
1521 2776 1710 2825 principio
1731 2777 1752 2814 ὁ
1769 2786 1915 2826 surpra
1975 2786 1983 2812 ἑῑ

247 2834 295 2870 da
318 2835 563 2872 consideraret·
585 2847 686 2873 come
707 2836 879 2884 perduro.
1979 2831 1981 2833 ¹

361 2894 394 2934 5)
418 2892 582 2938 Compar.
605 2904 639 2939 p.
668 2897 720 2930 16.
742 2896 798 2930 ⁴0.
1974 2907 1975 2910 ¹

362 2951 395 2988 6)
419 2948 592 2985 Columna
615 2950 875 2998 pretiosissima
897 2948 934 2986 Υ
952 2953 1104 2996 excepta
1126 2949 1163 2985 ln
1183 2948 1323 2986 artibus
1345 2946 1607 2985 mathmffleb
1629 2945 1718 2984 soih
1732 2949 1911 2991 vante,
1976 2962 1981 2966 Χ
