2034 3230
774 198 1098 229 —XXV—

104 301 387 359 praetermitti
415 314 501 344 non
530 300 775 356 oportebat,
817 313 989 356 prorsus
1019 299 1132 343 absit
1147 301 1191 351 ¹).
1239 299 1388 354 itaque
1417 311 1502 354 quo
1531 298 1774 341 accuratius

103 369 204 415 libri
233 373 530 425 argumentum
562 369 874 423 examinamus,
914 382 967 412 ea
997 381 1108 423 quae
1139 367 1280 411 desint
1318 365 1375 410 ad
1406 379 1459 409 ea
1489 379 1601 422 quae
1630 366 1776 409 insunt

103 437 436 495 perpendentes,
483 450 534 481 eo
573 438 731 481 certius
776 440 956 492 apparet
1001 449 1073 479 eos
1118 435 1274 490 quibus
1318 434 1472 490 papyri
1510 433 1776 477 evolvendae

105 519 258 550 munus
286 506 532 562 impositum
563 510 672 558 erat,
712 503 922 561 quidquid
950 503 1218 560 pagellarum
1249 502 1358 546 adeo
1388 501 1647 545 destructum
1683 514 1777 545 esse

104 574 321 619 videretur
363 578 410 617 ut
448 572 683 630 quidquam
729 573 821 616 erui
858 572 1007 627 aliqua
1051 585 1146 614 cum
1184 570 1330 626 specie
1366 570 1517 624 negari
1556 573 1713 625 posset,
1753 582 1778 613 e

105 642 246 687 medio
275 643 511 687 sustulisse.
553 655 634 697 ego
655 645 799 684 autem
829 640 875 682 in
895 639 1143 683 Inventario
1164 639 1430 694 Papyrorum
1461 651 1590 680 manu
1620 638 1778 694 scripto

106 710 222 769 quod
250 711 463 768 inspicere
492 710 598 752 mihi
627 710 749 752 licuit
776 710 835 764 (p.
861 708 956 760 105)
986 706 1119 750 verba
1140 705 1302 761 papiro
1332 705 1474 748 intero
1512 706 1657 748 nescio
1694 719 1779 761 quo

106 780 200 824 iure
229 783 438 835 usurpata
466 778 555 833 legi
585 777 814 820 voluminis
843 775 1094 830 signaturae
1121 774 1333 830 apposita.

218 868 277 911 X.
327 866 446 924 Opus
489 866 700 910 musivum
743 868 807 908 est
853 862 967 919 quod
1004 863 1051 906 in
1089 861 1289 905 manibus
1322 860 1532 904 habemus
1546 862 1592 915 ²),
1639 874 1781 916 neque

106 949 268 992 magna
320 934 450 979 laude
502 934 751 990 scriptorem
805 931 1100 986 dignabimur,
1157 931 1232 986 qui
1282 934 1505 973 centonem
1554 942 1677 972 suum
1725 942 1781 972 ex

106 1004 341 1048 innumeris
377 1003 535 1060 pannis
573 1015 779 1046 consuere
818 1014 903 1044 non
943 999 1172 1043 erubuerit.
1232 1002 1424 1042 attamen
1460 1010 1516 1040 ne
1546 997 1696 1041 iniusti
1725 998 1782 1041 si-

106 1086 219 1127 mus,
263 1084 430 1116 summa
466 1070 545 1114 illa
573 1070 763 1113 varietas
800 1083 941 1113 rerum
982 1081 1006 1112 e
1042 1067 1215 1111 testium
1260 1067 1523 1109 oculatorum
1562 1066 1780 1120 memoria,

107 1153 133 1185 e
153 1140 299 1184 multis
319 1140 504 1183 vitarum
525 1137 814 1194 scriptoribus,
853 1151 877 1180 e
908 1136 1081 1180 scholae
1102 1135 1331 1178 tabulariis
1362 1138 1662 1189 congestarum
1684 1147 1782 1177 con-

107 1208 330 1263 sideretur,
360 1207 463 1251 licet
490 1208 578 1250 iam
605 1209 851 1260 congestam
882 1205 1096 1248 invenerit
1124 1203 1170 1246 in
1190 1202 1482 1258 praecursoris
1511 1201 1628 1245 illius
1658 1202 1782 1256 libro,

106 1276 222 1320 unde
269 1276 346 1320 alii
395 1288 564 1332 quoque
614 1287 776 1318 summo
826 1286 923 1317 cum
971 1273 1112 1316 fructu
1161 1284 1240 1315 sua
1289 1270 1537 1313 hauserunt.
1612 1271 1783 1327 scripsit

106 1345 277 1399 librum,
307 1347 354 1387 ut
383 1343 638 1387 Buecheleri
667 1341 810 1386 verbis
840 1345 938 1384 utar
951 1343 996 1395 3),
1024 1337 1287 1396 ‘philologus
1316 1338 1460 1394 potius
1491 1351 1620 1394 quam
1646 1339 1782 1395 philo-

109 1407 300 1470 sophus',
342 1411 464 1455 cuius
494 1412 634 1466 magis
664 1411 871 1454 intererat
908 1409 1128 1452 hominum
1166 1407 1303 1450 vitam
1333 1411 1375 1450 et
1405 1405 1594 1450 indolem
1625 1406 1783 1451 descri-

106 1481 210 1525 bere
239 1493 367 1537 quam
399 1479 620 1523 doctrinae
648 1477 971 1522 vicissitudines
1001 1475 1234 1532 explicare.
1276 1472 1386 1517 ‘Mit
1413 1474 1613 1531 Vorlz'ebe,
1644 1476 1784 1531 inquit

109 1549 321 1606 Gomperz
334 1550 381 1603 ⁴),
420 1547 625 1590 schildert
653 1547 729 1590 der
757 1545 1018 1600 Anonymus
1048 1544 1119 1587 die
1149 1545 1351 1586 dusseren
1385 1541 1785 1586 Lebensumtdnde

108 1617 235 1662 sowie
263 1616 334 1660 die
360 1613 1081 1670 Charaktereiyenthitmlichkeiten
1110 1613 1186 1655 der
1205 1609 1507 1664 Philosophen,
1541 1610 1643 1654 aber
1672 1611 1784 1655 auch

109 1685 181 1730 die
210 1683 525 1739 Entwickluny
563 1684 640 1726 der
664 1681 1036 1737 philosophisehen
1074 1680 1170 1723 und
1200 1677 1640 1733 mssenschaftlichen
1669 1679 1783 1722 Doc-

112 1753 262 1797 trinen
283 1786 292 1796 .
308 1785 318 1795 .
334 1785 344 1795 .
370 1751 471 1807 yeht
500 1751 551 1793 in
579 1750 723 1794 seiner
743 1749 1034 1805 Darstelluny
1063 1747 1186 1791 nicht
1213 1746 1344 1802 volliy
1375 1746 1459 1788 leer
1478 1759 1560 1789 aus
1575 1780 1585 1790 .
1601 1780 1610 1790 .
1627 1781 1636 1790 .
1653 1779 1662 1789 .
1695 1747 1785 1790 Von

111 1819 526 1865 Anekdotenklatsch
565 1819 622 1861 ist
658 1817 728 1862 die
758 1817 1046 1872 Darstellzmy
1083 1815 1192 1858 ‘noch
1229 1814 1361 1869 v‘o'lliy
1389 1813 1477 1868 frez'
1491 1817 1534 1867 ⁵),
1575 1815 1786 1858 wc'ihrend

111 1889 203 1933 sich
251 1886 484 1944 mythische
537 1886 758 1929 Elemente
809 1885 886 1939 (in
936 1885 1011 1927 der
1063 1898 1158 1926 vom
1204 1882 1406 1925 Berichte
1453 1882 1525 1925 des
1568 1883 1785 1940 Diogenes

113 1961 240 2001 etwas
275 1955 603 2000 abweiche‘nden
642 1953 816 1997 Versicm
855 1952 963 1996 iiber
1001 1953 1079 1995 das
1108 1951 1236 1994 Ende
1275 1951 1346 1993 des
1375 1949 1638 1995 Heraklides
1666 1952 1784 1996 Pon-

114 2025 224 2069 ticus
257 2025 354 2068 und
381 2023 594 2067 vielleieht
622 2022 734 2066 auch
771 2022 825 2065 in
854 2022 930 2064 der
958 2021 1216 2076 Eredhlunq
1249 2033 1335 2062 von
1364 2020 1440 2062 der
1478 2019 1786 2076 Unterredwny

113 2094 185 2137 des
214 2092 383 2150 yreisen
414 2092 542 2136 Plato
572 2091 654 2134 mit
682 2090 823 2134 einem
859 2089 1094 2143 Chaldc'ier)
1125 2088 1277 2132 bereits
1305 2087 1567 2140 vorfinden'.

227 2162 334 2206 haec
363 2162 507 2205 omnia
536 2162 598 2205 sic
629 2160 717 2204 fere
746 2160 793 2202 in
822 2158 1015 2202 ordinem
1047 2157 1261 2215 quendam
1294 2156 1464 2211 digesta
1493 2157 1706 2212 leguntur,
1738 2161 1785 2200 ut

114 2231 251 2288 primo
287 2233 335 2273 ut
364 2243 443 2286 par
472 2234 536 2274 est
566 2229 620 2272 de
648 2227 996 2285 philosophorum
1027 2227 1160 2283 stirpe
1173 2226 1205 2279 ⁶)
1240 2226 1462 2268 iuventute
1476 2225 1509 2279 ⁷)
1545 2225 1784 2268 studiorum

228 2415 261 2455 1)
285 2411 509 2457 Quamquam
531 2409 619 2446 alibi
642 2420 785 2455 quoque
809 2410 916 2445 huius
938 2407 1146 2455 philosophi
1175 2406 1347 2443 memoria
1370 2405 1578 2442 oblitterata
1601 2408 1677 2451 est,
1709 2405 1782 2441 for-

113 2468 209 2506 tasse
232 2467 318 2515 quia
341 2466 534 2503 Carneadis
558 2465 673 2511 gloria
696 2466 894 2502 decessoris
918 2465 1051 2502 nomini
1074 2464 1257 2501 offecerat.
1306 2463 1350 2499 cf.
1376 2474 1413 2508 p.
1438 2465 1500 2497 115
1514 2473 1566 2506 sq.

229 2536 263 2577 2)
288 2533 343 2570 cf.
368 2532 494 2574 Zeller,
518 2530 675 2567 Grundr.
700 2530 735 2567 d.
762 2530 893 2567 Geseh.
918 2530 952 2566 d.
978 2541 1030 2575 gr.
1056 2530 1167 2566 Phil.³
1190 2540 1227 2575 p.
1253 2531 1341 2573 9sq.

227 2603 261 2642 3)
284 2609 320 2644 p.
346 2601 377 2634 3.

229 2668 263 2709 4)
287 2665 378 2700 Ana.
402 2674 438 2709 p.
456 2666 500 2698 40
511 2673 564 2708 sq.
588 2661 635 2697 cf.
659 2661 810 2707 Spengel
835 2673 870 2707 p.
889 2664 966 2696 535.

230 2733 265 2774 δ)
288 2729 371 2765 Non
395 2729 503 2774 plane
526 2727 722 2770 adsentior,
753 2736 835 2762 nam
861 2735 976 2771 neque
999 2726 1149 2762 dicteria
1172 2725 1303 2761 desunt
1332 2724 1449 2767 (Plato
1474 2723 1540 2758 col.
1562 2722 1614 2767 X,
1646 2722 1781 2758 Metro-

116 2787 225 2823 dorus
248 2786 381 2829 XXVI)
406 2795 521 2831 neque
544 2784 699 2821 fabellae
723 2793 767 2819 ex
790 2785 893 2829 parte
917 2782 1082 2828 pusillae.

227 2854 263 2895 6)
286 2851 337 2887 1v
362 2853 406 2888 35
420 2861 472 2897 sq.
496 2851 666 2896 (Polemo,
696 2848 743 2885 cf.
767 2848 961 2885 Panaetius
986 2847 1108 2892 Comp.
1135 2847 1200 2883 eol.
1226 2846 1322 2889 LV),
1361 2845 1464 2881 XVII
1493 2849 1597 2890 lsqq.
1621 2844 1779 2888 (Arcesi-

9 2903 29 2912 ’“
115 2907 219 2952 laus),
258 2906 363 2944 XXV
389 2911 406 2944 1
431 2906 714 2950 (Clitomachus).

229 2976 263 3018 7)
285 2973 328 3010 Χ
346 2977 366 3009 5
390 2973 532 3017 (Plato),
567 2971 618 3008 IV
640 2971 704 3007 inf.
722 2981 817 3017 pars,
854 2970 943 3006 XIII
966 2980 1046 3016 sup.
1070 2969 1251 3013 (Polemo),
1289 2967 1374 3003 XXI
1401 2971 1509 3012 lsqq.
1532 2966 1732 3013 (Lacydes).

183 3035 339 3071 amn.
364 3036 455 3065 hau
474 3035 723 3065 amomis-orum.
1486 3023 1508 3059 d
