2034 3230
328 270 496 316 accedit
526 270 558 324 l,
595 268 710 327 quod
740 268 889 314 itidem
919 282 1015 314 cum
1046 269 1240 315 decimae
1277 272 1468 329 paginae
1496 271 1691 318 versibus
1722 277 1774 318 10
1789 286 1883 331 sqq.

215 344 272 397 (p.
295 343 365 392 27)
394 336 653 382 concordare
683 336 861 382 Cronert
894 338 1124 383 intellexit.
1177 351 1438 398 magnopere
1473 345 1617 386 autem
1653 339 1885 387 dolendum

216 406 427 464 estquod,
460 419 556 450 cum
577 418 632 450 ex
653 405 694 449 N
724 410 898 463 praeter
926 406 1067 463 prima
1095 405 1230 451 verba
1258 407 1348 452 fere
1377 408 1486 453 nihil
1515 409 1667 454 elicias
1686 422 1828 466 neque
1847 407 1884 454 Ο

215 477 462 532 incorrupta
490 474 700 532 praebere
731 474 943 529 videatur,
973 474 1135 532 inipso
1165 474 1314 521 codice
1343 475 1528 521 lacunae
1556 477 1787 523 lectionem
1810 477 1887 522 im·

216 543 529 601 peditissimam
564 540 762 586 reddunt.
812 546 909 586 utut
943 547 1019 599 est,
1055 542 1216 588 haecce
1250 543 1476 589 frustulum
1509 545 1666 602 partim
1700 544 1888 591 adsumit

216 612 373 670 partim
403 609 652 669 suppeditat
681 610 1003 668 supplementa:

684 690 886 747 ὅρακοντΙ
921 690 1008 734 ΚΑΙ
1041 690 1292 747 ΔΗΧΘΕΙ-

684 773 767 803 σαν
801 757 1152 803 ΔΠΟΘΑΝΕΙΝ
1195 760 1299 804 ΛΕ-

684 855 752 896 γει
783 839 809 882 ὁ
841 837 1173 895 αΝΘΡωΠΟΟ
1206 839 1293 882 ΚΑΙ

686 906 896 961 (BEN-no
912 907 987 963 NA
1020 905 1308 950 ΜΑΘΗΤΗΝ

684 991 733 1019 τε
763 993 838 1020 και
869 974 1136 1019 ΠΟΛΙΤΗΝ
1172 974 1358 1019 ΓΕΓΟ-

689 1059 811 1087 verat
870 1055 954 1098 (litt.
978 1054 1082 1092 uncis
1105 1054 1265 1092 inclusas
1289 1065 1310 1091 e
1334 1054 1363 1091 Ρ
1386 1055 1562 1100 ιᾱίοοὶμ).

333 1113 505 1158 tertium
525 1113 666 1156 locum
688 1113 775 1157 illis
795 1113 983 1158 subicio:
1014 1114 1143 1158 velim
1173 1114 1286 1157 enim
1316 1127 1482 1158 mecum
1513 1113 1756 1160 consideres
1778 1113 1894 1171 frag·

220 1182 353 1227 menti
383 1195 411 1225 a
440 1185 605 1238 partem
636 1181 880 1226 inferiorem
911 1196 1006 1227 cum
1037 1182 1263 1226 columnae
1300 1184 1335 1223 V
1359 1181 1554 1228 versibus
1584 1186 1609 1226 4
1629 1196 1724 1240 sqq.
1745 1183 1801 1241 (p.
1822 1184 1894 1236 23)

221 1254 528 1307 comparatam.
588 1249 632 1292 in
671 1251 898 1306 propatulo
941 1254 1007 1295 est
1049 1265 1078 1307 p
1122 1250 1230 1295 haec
1270 1247 1517 1295 exhibuisse
1547 1250 1602 1296 de
1631 1250 1772 1308 Hysio
1799 1251 1894 1295 Ari·

220 1318 385 1363 etotelis
416 1322 459 1363 et
488 1317 750 1362 Xenocratis
780 1317 986 1375 hospitio:

685 1412 788 1440 τοτε
817 1396 866 1440 δε
894 1396 972 1441 κΑΙ
1007 1397 1214 1442 Mastaura

687 1464 762 1509 δια
791 1464 894 1518 τῌΝ
924 1463 1228 1510 ΠΛΑΤωΝοσ
1257 1483 1324 1512 τε·

688 1533 843 1591 λευτην
873 1531 1250 1588 §menenen-

687 1616 768 1646 τοσ
798 1602 1178 1659 παραγξνξσθαι
1207 1620 1231 1647 0
1262 1604 1311 1647 δ’
1341 1622 1420 1649 αυ-

687 1685 789 1715 ‘tow
818 1687 875 1714 τα
903 1669 970 1725 τῷ
1002 1669 1166 1713 ΑΛΛΑ
1194 1670 1401 1728 ΠᾼΝΤΑ

690 1753 876 1797 εποιησε
905 1755 1031 1783 κοινα
1060 1737 1138 1782 κΑΙ
1168 1737 1256 1794 HQ

691 1807 759 1850 λιν
788 1807 879 1850 κτλ.

338 1900 494 1944 agmen
524 1886 700 1931 claudat
728 1886 1015 1942 fragmentum
1035 1887 1063 1930 k
1091 1887 1351 1932 Dicaearchi
1381 1890 1598 1934 mentione
1626 1889 1811 1945 insigne,
1841 1901 1898 1935 ex
1945 1874 1950 1878 ⁴

225 1969 311 2013 quo
355 1955 579 2000 columnae
616 1955 683 1999 XI
694 1968 790 1999 mae
836 1967 984 1999 versus
1026 1956 1077 1999 18
1090 1968 1182 2012 sqq.
1218 1956 1534 2012 aliquantulum
1570 1957 1680 2002 lucis
1722 1970 1899 2016 aecepe-

226 2028 335 2068 runt.
394 2023 621 2068 lectionem
651 2037 705 2068 ex
737 2021 773 2068 Ο
804 2022 1018 2081 depromo,
1057 2022 1097 2066 N
1127 2028 1268 2067 vacat.

425 2125 617 2135 .......
643 2090 679 2133 Ν
705 2125 713 2135 .
736 2125 744 2134 .
766 2125 774 2134 .
797 2089 873 2133 ΗΟ
893 2124 903 2134 .
924 2125 933 2134 .
955 2124 963 2134 .
1116 2090 1411 2149 ὅικ)ᾳιαρ>,(οσ
1440 2091 1602 2150 ‹pl-icas
1630 2096 1722 2149 μ(ε-

428 2194 651 2203 ........
673 2157 935 2202 ΟΔΕΙΞΑΜ
958 2193 967 2202 .
988 2193 997 2202 .
1114 2160 1287 2214 ‘thone
1318 2160 1401 2203 αλλ
1431 2176 1548 2205 απο-

427 2261 679 2271 .........
704 2225 920 2270 ΜΗΘΕΡΙ
943 2260 953 2271 .
977 2261 985 2270 .
1008 2261 1016 2270 .
1116 2226 1424 2280 δει)ΞΑΜενοσ
1455 2228 1531 2273 δια

1119 2294 1324 2352 gondri-C
1354 2295 1496 2340 ΕΡΓα

343 2445 376 2486 1)
401 2442 599 2488 Perspicua
629 2442 666 2478 ln
698 2441 755 2479 his
785 2445 870 2479 sunt
901 2451 993 2488 quae
1024 2442 1219 2489 Hermippo
1250 2446 1399 2481 auctore
1429 2443 1474 2481 de
1505 2443 1664 2491 perfidae
1698 2443 1898 2483 stondeth

226 2499 335 2537 exitio
359 2499 483 2537 iisdem
507 2498 584 2535 fere
608 2499 728 2536 verbis
752 2498 882 2545 quibus
899 2498 1067 2535 Laertius
1092 2498 1206 2535 utitur
1230 2499 1478 2544 perhibentur.
1524 2500 1631 2547 longe
1653 2510 1760 2539 secus
1781 2504 1838 2538 ot
1859 2501 1898 2538 lu

226 2557 270 2593 iis
294 2566 386 2603 quae
409 2555 579 2602 deinceps
602 2559 823 2602 sequuntur:
850 2559 890 2591 ut
907 2556 998 2591 enim
1025 2556 1069 2592 de
1085 2556 1174 2593 mira
1197 2556 1491 2604 apographorum
1514 2556 1740 2596 dissensione
1758 2560 1897 2595 taceam

272 2614 332 2656 (02
359 2610 463 2653 ΦΙΔΘ
477 2639 485 2647 .
501 2643 506 2648 ,
522 2617 580 2650 ΔΑ
595 2640 602 2648 .
619 2640 626 2648 .
641 2640 648 2648 .
664 2616 710 2649 ΘΙ
727 2640 735 2649 .
748 2614 1052 2648 unomen-leem
1069 2640 1167 2648 .....
1183 2616 1347 2651 tutem·
1359 2640 1367 2649 .
1383 2641 1391 2648 .
1406 2640 1414 2648 .
1430 2615 1631 2652 ΘΚΑΙΠΟΛ
1642 2640 1652 2649 .
1666 2640 1675 2649 .
1689 2640 1699 2650 .
1714 2615 1897 2651 N'erac

284 2669 336 2706 N:
361 2671 390 2704 C
405 2696 574 2705 ........
589 2671 716 2707 ΟΝΘι
735 2699 743 2707 .
757 2697 765 2706 .
779 2672 1008 2706 nocuum.
1023 2696 1123 2705 .....
1139 2672 1359 2708 ΤΙΑΟΗΤΙΘ
1380 2697 1389 2707 .
1412 2672 1568 2709 exam?
1591 2695 1716 2707 ......
1738 2672 1800 2706 HT
1818 2697 1827 2706 .
1849 2697 1857 2706 .
1874 2675 1896 2713 l,

230 2727 297 2762 hoc
314 2737 422 2763 unum
440 2728 526 2763 mihi
541 2727 766 2774 exploratum
783 2731 994 2774 ανθρωπος
1011 2727 1054 2764 de
1072 2726 1267 2774 Hermippo
1284 2726 1356 2763 dici
1370 2728 1520 2774 eiusque
1541 2727 1585 2764 de
1600 2725 1790 2763 Heraclide
1812 2736 1896 2763 nar·

229 2783 399 2818 rationem
432 2784 478 2820 ab
504 2788 713 2830 excerptore
738 2785 952 2822 continuari.
1000 2784 1036 2820 in
1063 2783 1090 2819 P
1116 2793 1232 2830 neque
1257 2793 1322 2829 ego
1346 2793 1463 2829 neque
1491 2783 1644 2821 Cronert
1669 2781 1829 2830 syllabae
1853 2779 1894 2824 ΦΙ

230 2839 415 2883 vestigium
441 2839 651 2887 deteximus,
682 2842 752 2879 imo
777 2845 860 2888 post
883 2840 1116 2878 interstitium
1140 2843 1200 2887 ᾼΘ
1226 2840 1366 2886 legitur,
1398 2843 1439 2877 ut
1461 2839 1620 2887 suspcho
1644 2839 1783 2877 oriatur
1806 2839 1896 2885 tegi-

230 2905 308 2930 men
326 2895 436 2932 fuisse
452 2897 547 2942 quod
564 2898 753 2943 postmodo
770 2898 992 2943 discesaerit3
1019 2899 1076 2934 Be
1094 2898 1181 2943 vidi,
1206 2897 1331 2935 ΒΘΓΟ
1348 2896 1407 2935 Cr.
1425 2895 1523 2942 legit,
1541 2898 1572 2932 Μ
1586 2896 1716 2934 neuter
1730 2897 1896 2934 nostrum

229 2951 385 2996 agnovit.
