2034 3230
847 220 1142 250 —Vn—

160 331 311 363 versus
338 319 559 362 minimum
588 332 718 363 senas
748 319 900 376 denas,
941 334 1150 365 summum
1180 322 1356 366 vicenas
1385 326 1530 366 ternas
1566 323 1734 367 litteras
1764 336 1833 367 ca-

158 386 328 443 piunt1)
341 400 523 444 :meque
540 400 643 431 vero
662 386 867 432 librarius
896 389 979 433 sibi
1011 394 1190 445 constat,
1222 389 1570 447 quandoquidem
1600 391 1646 434 in
1667 390 1834 435 duabus

159 455 369 500 columnis
395 457 443 496 X
454 458 500 511 Y,
541 456 617 500 nbi
656 456 831 500 chartae
869 458 1080 513 pepercit,
1120 458 1290 502 litterae
1321 457 1431 502 adeo
1460 459 1744 514 spissescunt,
1786 463 1834 502 ut

159 523 436 567 tricenarium
465 537 690 568 numerum
719 525 809 569 fere
839 525 1067 580 attingant.
1110 526 1266 582 quibus
1294 527 1469 582 paginis
1497 527 1625 570 simul
1655 541 1750 571 cum
1789 530 1830 582 V,

158 581 273 648 quae
312 593 429 637 eirca
458 596 512 637 25
544 598 587 637 et
617 597 672 637 26
708 595 875 638 litteras
904 593 1092 648 oscillat,
1132 595 1327 649 exceptis
1355 595 1605 651 ceteroquin
1644 595 1833 639 medium

157 659 250 704 fere
278 661 420 704 locum
451 676 653 706 numerus
674 663 919 706 vicenarius
949 661 1114 705 obtinet
1142 662 1188 704 in
1218 662 1273 704 iis
1302 675 1415 718 quae
1444 663 1612 718 periere
1641 664 1832 707 reficien-

158 726 227 772 dis
257 728 417 784 dignus
446 731 519 787 qui
550 730 782 786 diligenter
809 729 1059 773 observetur
1070 731 1117 781 2).

271 807 346 852 IV.
402 809 526 862 Quod
554 811 808 866 scripturam
837 807 1005 851 librarii
1035 809 1209 863 attinet,
1244 822 1371 865 quem
1402 809 1457 852 ab
1488 823 1539 853 eo
1569 811 1640 854 cui
1670 811 1831 855 Stoico-

157 888 250 919 rum
279 875 467 920 indicem
497 877 703 921 debemus
733 876 948 920 diversum
980 890 1074 920 esse
1102 876 1365 933 Comparetti
1395 892 1471 934 pro
1502 883 1616 923 certo
1646 878 1832 922 affirmat

158 943 282 1000 (Pap.
302 944 431 988 ereol.
451 959 495 1001 p.
519 947 600 1001 10),
630 948 802 1002 praeter
832 943 1043 1001 quasdam
1073 945 1257 988 rariores
1286 946 1526 990 litterarum
1556 947 1716 991 formas
1746 961 1832 991 non

155 1010 295 1055 habeo
338 1012 454 1069 quod
497 1013 818 1057 Gardthauseni
862 1013 1021 1056 Blassii
1059 1013 1364 1058 Wattenbachi
1408 1014 1633 1071 Kenyonis
1670 1016 1831 1060 tabulis

154 1079 315 1124 addam
327 1082 375 1134 ³).
434 1081 675 1124 litterarum
705 1086 748 1126 et
777 1082 1012 1138 spafiorum
1043 1081 1333 1138 aequabilitas
1363 1082 1531 1126 librarii
1569 1087 1634 1127 est
1663 1084 1829 1128 mundi·

154 1148 233 1192 tiei
262 1149 508 1204 exquisitae
537 1149 719 1193 studiosi
759 1163 900 1206 neque
930 1162 981 1193 eo
1011 1149 1234 1194 obscurari
1262 1154 1403 1206 potest
1441 1151 1557 1207 quod
1585 1151 1830 1195 tabularum

155 1229 212 1260 ex
240 1230 389 1261 museo
418 1218 708 1271 Neapolitano
748 1217 1012 1262 edendarum
1052 1218 1136 1262 duo
1178 1218 1464 1262 delineatores
1503 1233 1599 1263 cum
1639 1221 1829 1277 quinque

155 1283 483 1341 chalcographis
520 1286 628 1330 socii
665 1285 851 1330 fuerunt.
912 1287 1017 1342 quin
1052 1287 1185 1330 etiam
1229 1300 1429 1330 versuum
1471 1287 1676 1332 decursus
1719 1289 1830 1332 bene

153 1350 348 1408 libratus,
387 1354 559 1409 qualem
598 1355 644 1398 in
673 1358 855 1410 utroque
894 1354 1143 1411 apographo
1182 1354 1553 1411 deprehendimus,
1592 1357 1638 1399 in
1668 1357 1830 1401 ultimis

85 1431 88 1436 ·
153 1420 307 1464 saltem
334 1422 493 1478 papyri
520 1423 707 1479 pagellis
737 1423 879 1466 minus
909 1422 1136 1467 destructis
1165 1423 1393 1467 manifesto
1422 1425 1601 1468 eminet:
1632 1425 1694 1468 ibi
1715 1426 1830 1468 enim

153 1487 305 1532 charta
333 1489 651 1546 aliquantulum
681 1491 840 1535 levoris
869 1491 1070 1546 servavit,
1101 1491 1165 1534 ita
1192 1495 1240 1534 ut
1260 1492 1363 1535 solis
1382 1493 1544 1536 lumine
1564 1493 1703 1537 rarius
1723 1493 1829 1549 proh

154 1635 329 1671 continua
350 1639 423 1681 est,
448 1646 516 1672 nec
540 1636 644 1672 deest
666 1636 713 1672 ad
737 1637 805 1673 col.
823 1637 894 1672 XII
917 1638 1180 1682 transgressio:
1204 1637 1340 1674 idcirco
1366 1638 1552 1674 exordium
1575 1639 1740 1675 mutilum
1764 1651 1827 1676 ex-

150 1692 394 1737 isflmandnm,
424 1693 493 1728 etsi
515 1693 554 1728 in
577 1694 795 1739 apographis
817 1694 956 1730 nullum
980 1694 1031 1730 rei
1051 1694 1252 1740 vestiqum.
1294 1694 1361 1730 col.
1387 1695 1521 1740 XXIV,
1555 1696 1614 1731 cui
1637 1699 1678 1731 3'1
1703 1706 1828 1732 versus

153 1748 252 1795 dedi,
283 1749 475 1795 utrobique
509 1750 701 1786 transitum
733 1750 861 1795 habet,
893 1751 989 1797 quod
1018 1761 1147 1787 moneo
1176 1754 1325 1797 propter
1354 1751 1491 1789 Buech.
1515 1763 1551 1798 p.
1579 1755 1639 1789 15:
1673 1752 1830 1791 fortasse

152 1805 261 1851 igitur
281 1806 436 1842 lacunae
458 1810 543 1852 post
564 1818 597 1842 v.
616 1810 657 1843 16
682 1808 843 1853 signatae
866 1818 1070 1844 mensuram
1093 1809 1190 1844 insto
1213 1808 1386 1844 minorem
1410 1809 1554 1854 collegi,
1586 1810 1681 1854 quod
1704 1812 1828 1848 nescio

152 1873 203 1899 an
225 1863 270 1899 de
293 1866 423 1908 quarta
445 1874 586 1909 quoque
615 1864 683 1900 col.
709 1867 774 1907 (vv.
796 1867 943 1908 17—31)
966 1865 1102 1908 valeat,
1132 1865 1196 1900 sed
1221 1865 1314 1900 hanc
1338 1866 1480 1901 veniam
1510 1866 1735 1913 petimusque
1764 1869 1828 1904 da-

151 1929 304 1966 musque
325 1920 494 1956 vicIssim.
543 1930 692 1956 maneas
715 1931 797 1957 esse
819 1921 901 1958 coll.
917 1919 963 1957 M
975 1924 1032 1964 (36
1042 1923 1122 1965 η),
1148 1919 1188 1964 O,
1213 1920 1243 1956 S
1257 1924 1340 1965 (37),
1364 1920 1485 1965 Ρ(31)
1508 1923 1617 1960 variis
1641 1924 1685 1959 de
1709 1926 1828 1961 causis

152 1976 230 2012 veri
251 1976 378 2014 simile.

268 2059 302 2100 1)
324 2056 368 2092 In
382 2056 453 2093 hac
470 2067 611 2103 quoque
626 2067 667 2093 re
683 2057 856 2093 librorum
880 2057 924 2093 de
940 2057 1080 2094 musica
1102 2061 1227 2094 noster
1246 2058 1457 2102 simillimus,
1481 2058 1578 2095 sicut
1600 2059 1683 2095 libri
1706 2060 1828 2097 itidem

151 2113 374 2151 Philodemei
397 2110 497 2162 πρὸς
520 2127 611 2158 τους
633 2127 655 2146 4
679 2127 700 2145 ι
726 2126 747 2144 4
771 2115 809 2150 iu
834 2114 924 2151 coll.
942 2115 1015 2151 Alt.
1035 2115 1102 2150 vol.
1119 2114 1138 2150 Ι
1160 2115 1278 2158 vicini,
1302 2116 1401 2152 tabb.
1422 2119 1486 2152 132
1496 2126 1572 2162 sqq.
1594 2119 1692 2163 (pap.
1715 2121 1827 2161 1005).

152 2170 339 2217 aliquanto
369 2171 523 2208 minores
554 2172 694 2207 numeri
725 2175 920 2208 occurrunt
948 2172 986 2207 in
1018 2182 1104 2217 pap.
1134 2175 1218 2208 1018
1250 2173 1344 2209 inter
1370 2176 1411 2208 13
1441 2174 1582 2209 litteras
1606 2174 1687 2217 (col.
1705 2175 1777 2210 XII
1794 2179 1827 2219 4,

151 2227 289 2263 XXXV
305 2231 338 2264 2.
354 2231 389 2271 6)
414 2232 451 2264 et
474 2231 518 2264 20
542 2228 624 2271 (eol.
640 2228 812 2265 LXXVII
828 2232 866 2272 4,
891 2229 1047 2264 LXXIX
1064 2231 1098 2272 3)
1121 2228 1323 2265 fluctuante
1348 2231 1489 2276 (Gomp.
1513 2230 1536 2266 l.
1555 2231 1606 2272 1.).

266 2298 302 2340 2)
324 2296 480 2342 Propter
495 2296 712 2342 singularem
735 2297 949 2333 brevitatem
973 2299 1029 2340 (15
1046 2298 1128 2341 litt.)
1152 2300 1280 2334 notatu
1305 2298 1433 2343 dignus
1457 2299 1558 2335 locus
1582 2299 1638 2335 III
1663 2302 1696 2344 6,
1730 2305 1824 2337 cete-

151 2364 232 2390 rum
254 2353 361 2390 lectio
378 2354 518 2390 incerta
533 2357 601 2390 est.
617 2375 662 2380 —
678 2354 985 2399 Quemadmodum
1009 2355 1046 2390 in
1062 2355 1203 2391 lacunis
1229 2355 1416 2401 explendis
1440 2357 1639 2394 necessitas
1662 2359 1701 2393 et
1715 2357 1826 2393 liber-

151 2411 210 2446 tas
233 2410 387 2447 invicem
409 2414 622 2457 pensentur,
645 2412 907 2457 circumspecte
929 2411 1078 2457 exponit
1102 2412 1208 2448 Blass
1233 2411 1386 2458 Hyper.³
1409 2423 1444 2458 p.
1462 2413 1585 2448 XXXI
1598 2425 1654 2459 sq.

267 2481 303 2522 3)
328 2479 480 2516 Gardth.
506 2479 568 2515 Gr.
593 2479 671 2516 Pal.
696 2491 732 2526 p.
762 2483 837 2516 153.
864 2483 928 2517 172
952 2484 990 2516 et
1011 2481 1087 2517 tab.
1105 2483 1137 2524 3,
1174 2481 1280 2518 Blass
1308 2481 1347 2517 in
1370 2481 1521 2518 Mullers
1545 2482 1689 2518 Haudb.
1714 2483 1748 2518 d.
1773 2483 1824 2518 kl.

152 2535 227 2572 Alt.
243 2535 281 2580 1,
303 2536 379 2573 tab.
396 2535 444 2572 Ia
467 2539 506 2580 2,
538 2536 725 2572 Wattenb.
750 2537 835 2573 Anl.
853 2548 885 2572 z.
902 2548 954 2583 gr.
971 2538 1049 2574 Pal.
1066 2549 1128 2583 pp.
1149 2540 1189 2573 87
1204 2548 1295 2584 sqq.‚
1326 2538 1417 2575 Ken.
1442 2539 1628 2584 Palaeogr.
1655 2540 1695 2575 of
1715 2540 1826 2584 greek

150 2601 238 2640 pap.
254 2603 291 2639 p.
308 2595 371 2630 127
384 2603 448 2638 sq„
466 2604 501 2629 n.
516 2597 548 2630 9.
565 2614 610 2619 —
634 2593 843 2638 Singillatim
860 2598 1008 2630 enotare
1024 2595 1128 2631 libet:
1154 2598 1278 2640 Δ--β
1293 2596 1330 2631 in
1346 2596 1488 2631 nomine
1503 2590 1732 2643 Ἀσδρούβας
1742 2596 1824 2636 (eol.

151 2648 256 2686 XXV
272 2652 317 2693 2),
345 2650 375 2692 v
390 2649 441 2691 (ΙΙ
458 2653 514 2694 33,
543 2653 575 2687 Τ
587 2653 632 2693 9).
668 2650 701 2681 W
714 2667 759 2680 =
775 2654 799 2686 Η
819 2651 883 2693 (IV
902 2654 969 2696 '1l8‚
994 2652 1039 2687 cf.
1058 2652 1212 2688 Cronert
1227 2653 1374 2697 Quaest.
1391 2653 1488 2688 herc.
1506 2663 1540 2697 p.
1551 2655 1595 2696 9).
1635 2655 1677 2686 ΙΟ
1690 2669 1734 2681 =
1749 2655 1767 2687 l<
1784 2655 1826 2687 ut

151 2705 239 2742 aubi
253 2706 307 2743 ita
322 2706 377 2742 111
396 2710 436 2742 15
453 2710 795 2750 (ειοπΛΑΓεΝ-ΓΑ
811 2708 873 2750 Ν),
898 2709 934 2744 Χ
953 2711 970 2744 1
985 2709 1045 2750 (ef.
1063 2710 1247 2746 Wattenb.
1267 2721 1303 2755 p.
1319 2713 1386 2752 95),
1411 2710 1462 2745 xl
1480 2713 1510 2745 7.
1526 2712 1569 2744 39
1580 2709 1629 2752 (in
1643 2709 1700 2754 0),
1723 2708 1774 2746 VI
1792 2714 1824 2753 5,

152 2762 274 2799 XXVI
298 2767 340 2800 16
364 2764 476 2807 (ibid.)
506 2774 618 2809 quare
641 2765 747 2800 XXII
767 2767 805 2800 31
833 2768 954 2800 elom
978 2765 1014 2800 in
1038 2768 1243 2808 eklNfflCe
1268 2767 1448 2811 corrigere
1471 2776 1545 2801 non
1569 2765 1731 2801 dubitavi
1754 2768 1823 2809 (at-

152 2822 275 2856 umen
290 2819 450 2857 XXVIII
463 2823 505 2857 35
523 2821 626 2857 nihili
642 2826 697 2858 est
711 2820 790 2859 ἐκεῖ
812 2832 927 2867 neque
942 2824 1012 2873 μιᾷ
1027 2832 1092 2867 per
1108 2821 1250 2868 ellipsin
1267 2822 1338 2857 dici
1353 2832 1462 2868 posse
1478 2821 1610 2864 credo).
1652 2823 1687 2856 Μ’
1697 2824 1825 2867 quater

153 2874 192 2912 in
206 2876 343 2913 eoLIII
357 2879 404 2921 (6.
418 2880 448 2914 8.
462 2881 516 2914 27.
531 2880 599 2922 37).
642 2879 674 2911 d
693 2889 723 2915 s.
741 2882 781 2914 0
796 2889 825 2914 s.
844 2880 933 2922 Q==
949 2881 982 2912 0
998 2878 1145 2923 passim.
1174 2877 1218 2913 Μ
1238 2879 1307 2921 (bis
1322 2878 1361 2914 in
1378 2878 1446 2914 col.
1459 2877 1526 2921 Μ),
1550 2888 1655 2924 quam
1674 2877 1823 2923 figuram

154 2931 311 2970 usitatae
334 2933 578 2971 intermixtam
600 2936 801 2971 invenimus
822 2936 861 2971 in
878 2935 1035 2981 epistula
1052 2935 1143 2971 Gaio
1162 2934 1339 2971 Turranio
1356 2936 1511 2981 Aegypti
1526 2934 1711 2980 praefecto
1727 2934 1825 2970 circa

155 2997 191 3025 a.
209 2998 244 3025 a.
261 2990 344 3027 Chr.
362 3002 398 3027 n.
415 2992 461 3028 X.
495 2992 628 3035 oblata,
651 2992 742 3029 Keu.
768 3004 805 3039 p.
820 2995 862 3028 82
880 2996 975 3038 (pap.
993 2992 1166 3029 CCCLIV
1183 2993 1271 3028 Brit.
1289 2992 1408 3034 Mus).
1458 2991 1492 3039 Χ
1512 2992 1559 3033 (Χ
1579 2995 1620 3033 1).
