2034 3230
818 199 871 204 -
932 178 957 217 7
1014 199 1067 204 -

107 292 145 335 Γ
166 324 210 335 ..
231 286 948 335 ΗΟΥΟΟΙΧΥΝΓΕΝςΙωΔΟΟ-
1029 289 1283 353 γ(ορε)ίους,
1329 285 1431 354 οῐ(ς)
1470 284 1780 352 ξυνγενᾷμενός

0 452 23 484 ⁴⁴,
41 436 82 471 10
109 355 789 470 ΧΡΟΝΟΝΟΥΝΕΜΕΙΖ-Ιῖιῖιῤ.
800 456 810 467 .
827 456 838 467 .
858 421 994 466 ΝΥΟΙ
1026 422 1185 480 χρόνον
1212 421 1480 488 συνέμειξ(εν
1504 371 1739 474 Zgwoc·

0 472 34 600 ἵ
106 502 704 579 ωΙΪωΠἸΡΕΟΒΥΤΟΝΟΙ
724 536 864 548 ......
886 502 992 544 ΝωΙ
1032 519 1087 546 ωι
1115 504 1199 547 τῶι
1228 504 1535 568 πρεσβυτᾷρῳι
1566 502 1781 558 (myope)-

0 610 13 672 ξ
109 637 995 684 ΚΑΙΤ.ΥΤΟΥΟΚΑΙΟΤΕΤ.ΛΥΤΟΥ
1029 639 1103 681 καὶ
1140 636 1333 692 τ(ο)ύτου
1372 585 1660 691 σκαιόζζέξον)
1703 634 1782 690 qn}—

652 706 770 749 ΤΗΝ
1506 706 1584 747 τοῦ
1604 703 1685 762 τὴν

226 846 268 880 10
292 843 412 890 suppl.
436 843 566 888 Gomp.
692 845 728 877 11
763 840 1028 888 πρεσβυτέρωι
1058 849 1154 876 corr.
1180 840 1329 885 Gomp„
1363 838 1573 887 λεγομένωι
1602 849 1667 885 ego
1697 848 1783 885 sup·

108 900 223 948 plevi,
252 901 417 946 praestat
438 903 561 934 tamen
584 897 669 933 fort.
693 895 883 944 τυράννωι

108 1069 314 1115 Aegyptum
336 1067 551 1114 peragravit,
575 1070 617 1102 ut
637 1077 660 1101 a
684 1066 934 1102 sacerdotibus
957 1066 1125 1102 barbaris
1144 1077 1314 1103 numeros
1337 1071 1374 1103 et
1390 1067 1563 1103 caelestia
1577 1066 1785 1111 acciperet?

110 1135 178 1163 cnr
199 1129 286 1172 post
307 1124 504 1160 Tarentum
528 1123 575 1159 ad
599 1123 822 1168 Archytam?
859 1133 924 1158 cur
945 1123 993 1158 ad
1015 1123 1175 1169 reliquos
1199 1123 1473 1169 Pythagoreos?

0 1182 14 1229 ξςῖ
220 1172 306 1217 Vai.
323 1180 420 1216 Max.
436 1179 538 1225 VIII,
551 1182 584 1225 7,
600 1183 671 1215 ext.
683 1182 703 1214 3
723 1179 827 1215 Plato
845 1206 854 1215 .
870 1206 880 1216 .
896 1208 904 1215 .
921 1180 1124 1226 Aegyptum
1147 1181 1352 1226 peragravit
1370 1208 1378 1216 .
1394 1207 1404 1216 .
1418 1207 1427 1215 .
1446 1190 1518 1226 quo
1535 1179 1654 1215 minus
1676 1179 1788 1215 miror

111 1248 194 1275 aum
215 1238 254 1273 in
276 1236 417 1273 ltaliam
441 1238 724 1281 transgressum,
748 1241 788 1271 ut
805 1235 852 1271 ab
868 1236 1030 1281 Archyta
1047 1235 1195 1271 Tarenti
1217 1265 1225 1272 .
1242 1264 1250 1272 .
1265 1265 1273 1273 .
1292 1237 1518 1284 Pythagorae
1532 1238 1729 1282 praecepta
1751 1240 1788 1271 et

110 1294 282 1332 institut·
302 1294 497 1338 acciperet.

0 1374 27 1403 :³⁷
224 1350 370 1396 Quintil.
388 1350 472 1385 inst.
491 1360 545 1385 or.
558 1349 588 1394 1,
608 1352 662 1394 12,
678 1352 719 1385 15
736 1349 854 1394 Plato,
878 1350 939 1395 qui
955 1360 1029 1386 non
1046 1352 1239 1386 contentus
1257 1350 1470 1395 disciplinis,
1494 1359 1584 1394 quas
1600 1350 1789 1394 praestare

0 1406 17 1442 Ξῖ
111 1411 286 1454 poterant
306 1407 483 1448 Athenae,
506 1417 580 1442 non
604 1406 927 1451 Pythagoreorum,
955 1407 1002 1442 ad
1027 1417 1118 1453 quos
1142 1407 1180 1442 in
1204 1406 1348 1443 Italiam
1371 1406 1612 1450 navigaverat,
1635 1406 1789 1450 Aegypti

0 1442 18 1543 ἓ
112 1473 257 1510 quoque
278 1462 488 1500 sacerdotes
511 1463 602 1499 adiit
625 1468 733 1508 atque
756 1473 881 1499 eorum
906 1473 1042 1499 arcana
1065 1463 1266 1508 perdidicit.

0 1527 21 1571 ,ss
226 1520 336 1567 Apul.
361 1520 405 1556 de
433 1520 586 1556 Platone
618 1524 655 1554 et
686 1520 762 1554 eius
794 1519 910 1563 dogm.
936 1520 971 1561 1,
997 1522 1016 1555 3
1040 1522 1110 1565 (65,
1135 1523 1155 1554 5
1182 1520 1325 1560 Goldb.)
1355 1521 1592 1564 posteaquam
1623 1517 1789 1554 Socrates

0 1576 7 1589 '⁴
113 1577 278 1615 homines
293 1576 449 1621 reliquit,
475 1576 662 1621 quaesivit,
686 1576 781 1611 unde
799 1574 1004 1620 proficeret,
1028 1581 1064 1611 et
1078 1576 1125 1612 ad
1141 1575 1367 1621 Pythagorae
1391 1575 1616 1621 disciplinam
1638 1584 1679 1610 se
1704 1585 1789 1611 con·

114 1634 196 1670 tulit
225 1661 234 1671 .
248 1661 258 1671 .
273 1660 283 1668 .
307 1633 355 1669 ad
378 1632 610 1667 Theodorum
629 1632 800 1677 Cyrenas,
824 1637 866 1668 ut
885 1632 1118 1678 geometriam
1144 1632 1308 1676 disceret,
1332 1635 1387 1668 est
1406 1632 1592 1677 profectus
1615 1634 1653 1667 et
1675 1634 1791 1667 astro-

116 1690 250 1736 logiam
273 1690 436 1734 adusque
460 1689 662 1733 Aegyptum
685 1688 750 1724 ivit
772 1689 938 1734 petitum,
969 1692 1010 1724 ut
1032 1689 1115 1724 inde
1138 1690 1398 1734 prophetarum
1421 1689 1528 1724 etiam
1551 1689 1645 1724 ritus
1668 1688 1789 1724 addis-

117 1749 228 1783 ceret.
268 1748 305 1782 et
318 1745 363 1780 ad
382 1744 522 1780 ltaliam
538 1747 667 1780 iterum
683 1745 782 1781 venit
798 1749 835 1780 et
851 1745 1095 1791 Pythagoreos
1110 1745 1288 1791 Eurytum
1306 1744 1542 1780 Tarentinum
1561 1748 1599 1780 et
1614 1744 1791 1780 seniorem

83 1838 89 1842 ,
117 1802 319 1848 Archytam
351 1804 524 1838 sectatus.
571 1805 682 1846 atque
711 1802 757 1836 ad
787 1801 896 1838 Indos
926 1807 964 1838 et
993 1801 1120 1846 Magos
1151 1802 1366 1837 intendisset
1394 1801 1570 1846 animum,
1602 1801 1673 1836 nisi
1701 1805 1791 1836 tunc

118 1870 198 1896 enm
223 1859 319 1895 bella
341 1858 550 1894 vetuissent.
1146 1887 1159 1902 ‚

231 1915 458 1959 Augustinus
482 1914 526 1950 de
552 1914 619 1949 civ.
643 1914 700 1949 dei
725 1914 811 1950 vm
835 1918 857 1951 4
880 1915 985 1950 Plato
1005 1941 1014 1949 .
1030 1941 1039 1949 .
1054 1940 1064 1949 .
1090 1918 1127 1950 et
1149 1914 1187 1949 in
1209 1915 1373 1959 Aegypto
1397 1913 1523 1950 didicit
1545 1924 1792 1960 quaecumque

119 1983 253 2018 magna
278 1972 353 2007 illic
377 1971 606 2006 habebantur
629 1976 738 2016 atque
766 1971 1001 2015 docebantur,
1025 1973 1063 2006 et
1084 1970 1167 2006 inde
1190 1970 1227 2006 in
1251 1980 1312 2006 eas
1336 1970 1465 2006 Italiae
1486 1975 1609 2016 partes
1631 1971 1792 2015 veniens,

78 2020 80 2022 ’
117 2029 183 2066 ubi
198 2029 291 2076 Pyth
339 2037 503 2064 eteorum
527 2027 626 2062 fama
649 2027 913 2070 celebrabatur,
937 2027 1109 2073 quidquid
1129 2027 1279 2062 Italicae
1302 2026 1553 2073 philosophiae
1576 2032 1665 2063 tunc
1685 2027 1791 2063 flore·

118 2087 197 2131 bat,
217 2112 229 2124 .
244 2112 254 2122 .
269 2111 278 2120 .
341 2084 471 2120 cillime
498 2084 769 2129 conprehendit.

47 2147 51 2150 ”
232 2141 363 2180 Strabo
377 2139 482 2175 XVII
499 2143 565 2175 806
588 2139 631 2178 ἐν
654 2143 701 2187 τῇ
719 2135 957 2178 Ἡλιουπόλει
982 2167 1013 2175 ..
1027 2167 1035 2174 .
1060 2139 1276 2178 ἐδείκνυντο
1302 2137 1346 2177 αἵ
1366 2154 1407 2178 τε
1431 2143 1510 2178 τῶν
1533 2139 1667 2189 ἱερέων
1692 2137 1792 2178 οἶκοι

117 2201 185 2237 καὶ
207 2194 417 2240 Πλάτωνος
438 2199 504 2234 καὶ
527 2193 698 2241 Εὐδόξου
726 2199 929 2246 διατριβαί.
952 2220 958 2228 -

8 2288 26 2314 4
235 2269 276 2307 1⁰
288 2276 367 2311 sqq.
395 2265 544 2301 Diodor.
563 2266 630 2302 XV
654 2269 673 2300 7
699 2266 1053 2314 μεταπεμψάμενος
1076 2262 1147 2302 τὸν
1172 2263 1292 2312 ἄνδρα
1317 2268 1459 2303 τοῦτον
1473 2265 1693 2311 <Dionysius
1711 2265 1793 2301 Pla·

6 2342 30 2367 3
118 2323 264 2366 tunm>
294 2319 342 2360 τὸ
365 2321 436 2367 μὲν
459 2323 619 2368 πρῶτον
642 2317 838 2370 ἀποδοχῆς
867 2319 974 2370 ἠξίου
1003 2325 1070 2367 τῆς
1092 2323 1272 2370 μεγίστης
1295 2322 1356 2365 (cf.
1382 2322 1475 2358 Plin.
1498 2334 1534 2358 n.
1559 2323 1594 2357 h.
1619 2322 1690 2358 VH
1720 2327 1792 2367 110,

26 2374 49 2386 ‘
119 2379 232 2415 Solia.
257 2381 315 2424 32,
330 2381 378 2422 ὃ),
411 2374 519 2426 ὁρῶν
543 2374 665 2416 αὐτὸν
692 2381 912 2428 παρρησίαν
935 2377 1074 2426 ἔχοντα
1106 2379 1219 2423 (ἰξίαν
1247 2382 1315 2426 τῆς
1343 2380 1593 2426 φιλοσοφίας·
1629 2373 1794 2425 ὕστερον

22 2439 51 2487 ξ,
119 2431 156 2473 δ’
180 2433 224 2474 ἂι
246 2448 363 2472 τινων
386 2433 517 2482 λόγων
540 2436 775 2483 προσκόψας
799 2433 905 2485 αὐτῷ
928 2439 1127 2479 παντελῶς
1150 2431 1446 2484 ἀπηλλοτριώθη
1468 2439 1532 2472 καὶ
1558 2433 1795 2483 προαγαγὼν

122 2492 176 2537 εἰς
197 2489 244 2531 τὸ
270 2491 486 2539 πρατήριον
510 2489 563 2535 ὠς
586 2488 833 2540 ἀνδράποδον
860 2489 1027 2531 α’πέδοτο
1052 2495 1159 2539 μνῶν
1182 2491 1338 2530 εἴκοσιν.

235 2549 329 2585 Plut.
354 2549 459 2585 Dion.
477 2549 511 2585 V
535 2547 572 2586 οἳ
594 2549 665 2594 μὲν
690 2543 759 2586 οὖν
781 2552 869 2595 περὶ
893 2547 965 2587 τὸν
990 2551 1120 2587 Δίωνα
1145 2552 1261 2587 τοῦτο
1287 2550 1396 2593 τέλος
1426 2548 1553 2599 ᾤοντο
1587 2552 1653 2595 τῆς
1679 2544 1795 2597 ὀργῆς

121 2602 318 2652 γεγονέναι
347 2608 413 2643 καὶ
435 2603 508 2642 τὸν
532 2604 722 2643 Πλάτωνα
748 2603 960 2643 σπεύδοντα
984 2606 1270 2652 συνεξέπεμπον
1292 2604 1355 2643 ἐπὶ
1379 2605 1573 2653 τριήρους,
1604 2602 1626 2652 ἢ
1652 2607 1796 2643 Πόλλιν

122 2660 301 2709 ἐκόμιζεν
329 2661 383 2706 εἰς
410 2659 480 2710 τὴν
502 2658 660 2700 Ἐλλάδα
690 2661 763 2699 τὸν
787 2662 1053 2710 Σπαρτιάτην·
1092 2659 1113 2700 ὃ
1147 2663 1186 2700 δὲ
1211 2660 1412 2706 Διονύσιος
1440 2662 1568 2710 κρύφα
1600 2666 1670 2700 τοῦ
1694 2661 1794 2700 Πόλ-

36 2718 62 2764 ἕις
122 2720 224 2763 λιδος
244 2717 456 2766 ἐποιήσατο
482 2719 607 2766 δέησιν
632 2717 796 2764 μάλιστα
824 2718 896 2764 μὲν
922 2714 1149 2756 α’ποκτεῒναι
1172 2716 1244 2756 τὸν
1268 2718 1389 2768 ἄνδρα
1412 2716 1512 2757 κατὰ
1538 2722 1669 2762 πλοῦν,
1699 2719 1735 2757 εἰ
1755 2720 1796 2757 δὲ

47 2782 59 2823 ‘J
122 2771 191 2823 μή,
221 2775 378 2819 πάντως
400 2771 640 2813 ἀποδόσθαι·
674 2775 943 2823 βλαβήσεσθαι
967 2775 1043 2823 γὰρ
1068 2771 1188 2819 οὐδέν,
1224 2771 1311 2813 ἄλλ’
1337 2772 1623 2821 εὐδαιμονήσειν
1648 2771 1796 2822 ὁμοίως

124 2830 273 2869 δίκαιον
297 2829 410 2875 ὄντα,
431 2829 506 2870 κᾶν
529 2835 664 2875 δοῦλος
686 2833 846 2879 γένηται,
897 2829 967 2870 Διὸ
993 2835 1057 2869 καὶ
1082 2832 1231 2879 λέγεται
1250 2829 1389 2876 Πόλλις
1413 2833 1467 2876 εἰς
1483 2831 1642 2880 Αἴγιναν
1664 2832 1797 2881 φέρων

125 2881 347 2926 ἇποδόσθαι
366 2883 563 2931 Πλάτωνα,
589 2889 760 2935 πολέμου
783 2890 886 2937 πρὸς
907 2885 1127 2936 Ἀθηναίους
1152 2886 1268 2932 ὄντος
1292 2884 1424 2932 αὐτοῖς
1446 2892 1511 2926 καὶ
1536 2890 1796 2937 ψηφίσματος,

130 2935 237 2988 ὅπως
259 2942 283 2982 ὁ
308 2948 464 2992 ληφθεὶς
486 2942 695 2993 Ἀθηναίων
716 2944 758 2983 ἐν
783 2947 916 2993 Αἰγίνῃ
941 2945 1212 2993 πιπράσκηται.
1250 2945 1298 2982 οἱ.
1323 2945 1368 2982 de
1393 2950 1510 2992 tranq.
1535 2956 1594 2982 an.
1619 2946 1700 2982 XII.

0 985 17 1183 ὲ
109 1012 350 1054 contendisse,
381 1015 424 1046 ut
454 1010 680 1057 Pythagorae
707 1010 855 1045 inventa
884 1009 1116 1054 perdisceret.
1141 1031 1183 1036 —
1209 1011 1254 1047 de
1276 1010 1338 1046 fin.
1363 1010 1410 1056 V,
1436 1012 1491 1052 29,
1516 1012 1558 1046 87
1592 1019 1658 1044 cur
1680 1008 1785 1044 Plato
