2034 3230
92 293 169 340 bat
181 298 228 346 ¹).
285 308 411 352 spero
432 298 577 338 autem
598 296 688 339 fore
717 299 765 339 ut
794 309 848 340 ea
877 297 988 340 ratio
1007 296 1259 341 recensendi
1289 297 1503 354 probetur,
1534 311 1623 354 qua
1644 311 1765 354 prae-

93 363 266 420 cipuum
300 363 440 407 locum
477 376 563 406 non
600 366 688 406 tam
728 364 937 408 volumini
976 365 1060 421 ipsi
1098 370 1335 422 temporum
1380 365 1540 408 iniuria
1579 366 1766 422 pessime

92 430 241 475 habito
284 430 460 476 attribui
511 445 639 486 quam
686 433 937 488 apographo
982 433 1248 489 Hayteriano
1298 447 1402 477 cura
1450 439 1492 476 et
1539 433 1767 490 diligentia

0 528 5 530 >
91 497 297 543 Italorum
325 512 499 556 operam
530 500 864 556 aliquantulum,
901 501 1065 545 ambitu
1096 503 1224 556 longe
1253 502 1524 557 superanti.2)

206 566 325 611 VIII.
375 567 569 610 Tandem
599 567 828 623 adgredior
857 568 913 611 ad
944 569 1037 612 eius
1066 569 1296 613 voluminis
1326 583 1355 625 p
1376 570 1434 623 (n.
1459 572 1553 621 164)
1586 584 1613 613 a
1632 571 1764 613 Fran-

92 634 207 679 cisoo
227 634 460 679 casanova
488 635 710 692 descripti,
744 635 797 679 de
817 650 902 692 quo
931 649 1008 692 per
1030 636 1282 680 Cronertum
1312 637 1469 681 certior
1497 636 1636 681 factus
1657 652 1764 693 sum,

91 701 229 747 frusta
247 703 400 759 (pezzi)
421 703 731 759 subiungenda.
774 704 981 759 exiguum
1002 717 1107 748 sane
1126 718 1250 748 usum
1272 719 1327 748 ex
1348 705 1415 748 his
1435 705 1608 748 laciniis
1629 719 1765 761 usque

91 769 234 814 adhuc
272 772 455 815 evolutis
493 771 763 826 habebimus,
810 771 864 814 de
903 772 1059 828 quibus
1097 772 1360 828 Comparetti
1372 775 1403 825 3)
1449 772 1558 816 haec
1598 777 1763 816 tantum

91 838 273 882 rettulit:
307 836 432 894 ‘pare
459 839 596 883 storia
622 838 852 892 filosofiea;
879 853 953 882 ma
981 840 1240 894 frammenti
1268 839 1316 883 di
1340 839 1473 895 poche
1498 841 1681 896 parole,
1719 846 1766 885 at

91 905 190 962 quis
226 919 387 962 quaeso
425 912 597 951 maneat
632 906 769 950 donec
813 908 859 950 in
896 908 1036 951 lucem
1072 909 1293 951 volumina
1335 908 1607 964 proferantur
1651 921 1764 963 quae

92 974 212 1017 Aem.
239 974 417 1018 Martini
451 975 765 1032 perquisiturus
795 979 838 1019 et
865 975 1163 1031 publicaturus
1199 989 1293 1020 esse
1322 989 1459 1033 nuper
1486 975 1705 1020 ferebatur
1717 980 1763 1031 ⁴),

90 1042 343 1153 ἔξιθι-τίω
373 1056 470 1086 cum
492 1042 670 1087 Cronert
681 1046 714 1096 ⁵)
745 1043 801 1087 ab
832 1056 947 1087 anno
970 1045 1080 1088 1893
1110 1058 1280 1088 omnem
1310 1058 1485 1102 operam
1515 1045 1659 1088 iacere
1689 1044 1763 1088 ad-

185 1109 356 1154 averit?
388 1139 399 1151 .

262 1207 303 1238 a.
336 1193 424 1238 tab.
442 1194 464 1236 Ι
992 1195 1059 1238 Gr.
1089 1195 1199 1239 haec
1227 1196 1355 1250 legit:

211 1249 295 1307 frg.
316 1255 338 1294 1
369 1250 507 1307 Neap.
1109 1272 1178 1307 mg.
1204 1272 1285 1308 sup.

230 1317 284 1360 C!
344 1352 355 1363 .
376 1351 385 1360 .
406 1353 415 1361 .
435 1353 445 1361 .
929 1317 1009 1372 (ῑᾼ
1056 1321 1058 1354 ς

158 1419 168 1429 .
198 1419 208 1428 .
238 1419 247 1429 .
275 1420 284 1428 .
343 1419 382 1429 ..
405 1419 414 1427 .
436 1420 444 1429 .
467 1385 504 1428 Ε
923 1420 934 1430 .
952 1421 961 1430 .
980 1409 1002 1431 Λ

156 1446 535 1511 .ΟΥο....Α.
920 1454 1057 1497 'TC'
1109 1454 1193 1498 ΕΠ

158 1521 294 1566 01οΡ
442 1522 567 1565 CTO
699 1550 708 1557 -
802 1522 991 1576 moto&
1054 1556 1056 1581 ÷
1106 1522 1192 1566 ΠΟ

110 1601 130 1634 5
157 1599 162 1603 ’
187 1590 311 1634 ΑΤΟ
350 1591 567 1634 ΟΘΑΙΜΙ-
765 1599 784 1631 5
863 1590 1015 1632 (ΑΤΟ
1107 1589 1406 1633 μιΝΥΟΤΕΙΙΙ

186 1659 301 1704 ΕΡΕ
346 1694 356 1704 .
377 1694 386 1703 .
408 1694 416 1704 .
438 1694 447 1703 .
862 1657 979 1701 Ope
1106 1658 1322 1702 cemm-

1005 1745 1026 1768 *
1052 1718 1053 1721 ¹
1091 1745 1111 1767 *
1176 1745 1197 1768 *

1239 1794 1339 1836 ΑΙΜ

1104 1861 1324 1905 ΙΝΠΛΑΤ
1340 1896 1352 1907 .
1369 1861 1404 1903 Ν

1104 1933 1126 1972 (
1142 1930 1378 1975 ΓΙΙΟΠΕΥ

802 2007 839 2040 10
1209 1999 1329 2041 (ΜΟ

1126 2065 1500 2110 ΑΛΛΑΠΛῚΤΔ

1251 2134 1391 2178 ΑΙΠΟ
1543 2134 1701 2178 ΚΑΟΤ

1175 2214 1244 2249 mg.
1268 2203 1334 2239 inf.
1552 2203 1635 2246 (alio
1651 2206 1759 2249 pert.)

843 2264 930 2304 post
953 2262 974 2293 6
998 2260 1154 2306 spatium
1178 2259 1366 2296 duodecim
1392 2260 1469 2296 fere
1490 2259 1691 2296 litterarum

206 2384 239 2426 1)
261 2381 345 2418 Non
373 2391 452 2416 sum
478 2390 670 2416 causarum
701 2380 845 2425 ignarus
874 2381 983 2417 talem
1007 2381 1152 2418 modum
1177 2381 1462 2418 dissuadentium
1493 2392 1583 2427 quas
1609 2382 1760 2418 Gronert

91 2437 213 2475 attulit
234 2438 259 2474 l.
276 2438 302 2475 1.
326 2449 362 2484 p.
379 2439 467 2481 591,
490 2436 554 2473 sed
570 2437 679 2472 aliam
702 2436 772 2472 vim
796 2437 843 2473 ad
868 2438 1061 2475 memoriae
1085 2439 1324 2484 proprietates
1349 2438 1600 2484 exprimendas
1623 2439 1759 2484 ingredi

91 2493 304 2531 nesciebam.

205 2553 241 2593 2)
266 2550 408 2595 Insigne
432 2549 635 2586 vacillantis
660 2549 852 2586 memoriae
876 2551 1076 2597 exemplum
1100 2562 1120 2587 e
1145 2552 1313 2588 columna
1328 2552 1390 2589 IV.
1426 2551 1636 2596 depromere
1658 2550 1758 2592 libet,

92 2606 155 2643 nbi
177 2610 199 2642 4
222 2608 451 2644 ΠΡΑΚΘΜΙΟ
478 2606 521 2652 0,
556 2602 772 2646 ΠΡΑΗΦΦΟ
796 2606 842 2650 N,
871 2610 913 2643 ut
936 2607 1135 2643 litterarum
1159 2609 1431 2654 quaternionem
1454 2610 1645 2652 utrumque
1668 2616 1757 2652 spo·

92 2663 267 2710 graphum
290 2663 513 2709 suppeditet,
546 2666 574 2698 Θ
598 2663 645 2699 ab
669 2674 741 2699 uno
765 2665 923 2707 tantum,
955 2667 990 2698 ω
1015 2665 1061 2700 ab
1085 2665 1200 2701 altero
1230 2665 1460 2711 praebeatur,
1491 2663 1609 2699 media
1638 2663 1759 2699 littera

93 2739 134 2745 —
158 2730 242 2756 nam
266 2721 485 2756 ΠΡΑΞΘΦΟ
510 2721 547 2755 in
570 2719 749 2756 volumine
771 2720 878 2764 plane
901 2720 1031 2764 legitur
1051 2741 1096 2746 —
1120 2732 1142 2757 a
1166 2725 1305 2758 neutro.
1346 2720 1558 2756 simillimam
1581 2719 1759 2756 rationem

93 2774 204 2812 habes
227 2775 317 2812 VIII
340 2779 386 2812 44
409 2773 557 2820 (οἶνον),
594 2776 640 2813 ef.
664 2775 804 2812 XXVII
831 2778 871 2811 16
895 2774 1127 2825 (Εὔανδρος).

203 2834 239 2876 3)
261 2833 386 2870 Relaz.
411 2845 447 2880 p.
468 2837 542 2871 176.
744 2835 779 2876 4)
805 2832 1000 2869 Centralbl.
1026 2833 1051 2869 f.
1076 2833 1343 2870 Bibliotheksw.
1369 2833 1493 2877 XVII,
1518 2845 1552 2879 p.
1566 2835 1643 2869 381.

205 2892 241 2933 5)
263 2889 308 2926 N.
331 2890 482 2927 Jahrbb.
507 2890 560 2926 ΙΙΙ
584 2894 712 2935 (1900),
735 2901 770 2936 p.
785 2893 861 2925 587.

204 2969 572 3016 mv.infrap.XX.
