2034 3230
1832 113 1861 133 O

906 165 1247 198 ..ωι-

241 269 467 326 principiis
482 271 511 319 ¹)
550 271 719 321 agatur,
758 266 909 310 ultimo
937 266 1032 311 loco
1061 265 1295 323 disciplina
1322 265 1526 310 videlicet
1555 277 1641 309 non
1670 265 1810 310 omnis
1837 263 1917 310 sed

242 336 510 380 adseclarum
550 333 891 378 memorabilium
931 334 1124 379 delectus
1163 334 1419 379 exhibeatur
1431 334 1481 388 ²),
1525 332 1711 377 mediam
1748 337 1915 390 partem

242 407 421 460 occupet
450 416 613 446 morum
635 402 867 459 descriptio
878 405 912 454 ³)
942 406 985 446 et
1014 402 1194 447 rationis
1223 401 1408 446 docendi
1436 402 1582 446 brevis
1611 402 1846 460 explicatio
1857 402 1915 456 ⁴):

242 473 350 516 baec
379 476 522 515 autem
554 484 654 528 pars
685 471 789 514 mibi
820 471 995 528 quidem
1024 471 1088 515 ita
1117 470 1289 527 disponi
1318 470 1416 514 visa
1444 474 1521 525 est,
1561 474 1610 515 ut
1638 470 1772 515 alicui
1800 469 1916 515 facto

242 544 476 585 memoratu
517 539 703 594 digniori
743 543 878 596 atque
915 552 1072 596 agmen
1107 538 1428 583 characterismi
1466 537 1684 583 claudenti
1713 537 1917 596 deinceps

241 608 507 653 subiciantur
537 607 861 664 disciplinorum
890 607 1066 651 tabulae
1080 612 1125 657 ⁵).
1185 620 1317 663 saepe
1346 611 1492 651 tamen
1519 607 1631 651 baec
1650 606 1918 651 concinnitas

241 676 513 721 desideratur
542 677 587 718 in
618 675 746 719 rebus
776 676 819 718 in
852 690 940 719 una
969 675 1207 732 eademque
1236 675 1401 731 pagina
1429 675 1662 728 enarratis,
1701 674 1825 719 cuius
1851 674 1918 719 rei

242 745 327 789 duo
357 745 548 800 insignia
577 744 780 800 exempla
818 745 864 787 in
892 749 1090 801 promptu
1121 748 1240 788 sunt:
1286 744 1366 787 col.
1397 743 1438 786 11
1478 742 1679 787 undecim
1716 754 1917 788 versuum

241 814 485 858 ultimorum
531 817 786 868 argumenta
825 812 934 856 adeo
973 812 1164 867 variant,
1211 817 1259 855 ut
1299 812 1437 868 primo
1474 811 1686 855 referatur
1722 810 1918 855 Platonis

241 894 381 939 pagus
424 881 611 937 patrius,
656 886 745 924 tum
791 886 895 937 quot
939 894 1075 925 annos
1118 885 1246 924 natus
1290 884 1334 923 et
1369 893 1455 936 quo
1499 879 1704 924 archonte
1748 879 1917 934 obierit,

244 950 431 1006 denique
475 948 591 993 unde
634 962 789 992 nomen
826 950 1028 993 Aristocli
1072 962 1206 1005 puero
1251 947 1433 993 inditum
1478 948 1688 1005 originem
1732 946 1916 992 duxerit.

242 1019 287 1061 in
325 1016 362 1061 Ο
397 1021 542 1061 autem
573 1023 660 1060 tam
692 1017 890 1061 diversae
930 1031 998 1061 res
1028 1017 1269 1073 promiscue
1298 1022 1599 1072 congeruntur,
1641 1028 1790 1062 omnes
1822 1016 1916 1073 qui·

243 1086 339 1131 dem
371 1085 427 1129 ad
448 1084 637 1141 Lacydis
666 1086 876 1129 familiam
908 1090 950 1129 et
979 1090 1165 1129 aetatem
1194 1085 1473 1142 pertinentes,
1504 1097 1647 1142 neque
1674 1097 1776 1129 vero
1805 1084 1919 1128 inter

242 1168 289 1199 se
318 1167 524 1205 conexae,
565 1158 612 1197 ut
641 1153 942 1198 schedularum
974 1155 1143 1211 copiam
1173 1153 1325 1198 credas
1362 1166 1387 1196 e
1417 1166 1551 1210 capsa
1580 1151 1781 1198 diffusam
1808 1163 1918 1197 ene.

356 1223 475 1266 illam
524 1227 667 1266 autem
719 1235 857 1265 rerum
908 1223 1063 1266 seriem
1111 1235 1167 1265 ne
1209 1222 1315 1265 satis
1360 1220 1550 1265 dilucide
1593 1220 1917 1278 perspiciamus,

242 1296 412 1348 praeter
449 1291 706 1347 paginarum
745 1290 958 1334 defectum
999 1290 1140 1334 obstat
1184 1290 1287 1333 ordo
1332 1290 1626 1334 columnarum
1664 1302 1750 1334 non
1792 1287 1918 1343 φύσει

242 1364 289 1403 ut
318 1361 381 1403 ita
410 1359 550 1403 dicam
582 1359 659 1403 sed
688 1362 803 1403 θέσει
833 1359 1088 1403 constitutus
1127 1371 1271 1415 neque
1300 1358 1433 1402 semel
1463 1371 1619 1413 graves
1647 1357 1796 1402 turbas
1823 1370 1918 1413 per·

241 1442 393 1485 pessus
406 1431 453 1481 θ).
514 1427 664 1471 eodem
694 1428 879 1484 pertinet
918 1426 1106 1483 suspicio
1135 1439 1164 1470 a
1191 1426 1386 1482 Roepero
1420 1425 1551 1470 verbo
1581 1429 1720 1480 tacta,
1759 1425 1918 1470 colum·

243 1510 394 1540 narum
440 1495 708 1552 quarundam
751 1499 898 1551 partes
943 1495 1185 1552 superiores
1230 1508 1324 1538 cum
1372 1494 1604 1538 aliarum
1643 1493 1919 1539 inferioribus

244 1578 339 1610 esse
367 1564 618 1608 coniunctas
632 1566 679 1616 7).
737 1562 928 1619 profecto
958 1563 1003 1606 in
1033 1561 1186 1607 mediis
1215 1562 1388 1619 paginis
1426 1562 1703 1607 transitiones
1730 1574 1817 1606 non
1845 1561 1916 1606 dc·

242 1639 342 1679 sunt
371 1638 460 1676 tam
490 1633 721 1688 abruptae,
762 1636 809 1675 ut
838 1631 1033 1676 sedulum
1063 1631 1313 1688 scriptorem
1355 1635 1444 1674 tam
1474 1629 1791 1675 inconsiderate
1826 1642 1918 1675 rem

243 1703 385 1759 egisse
429 1703 503 1744 vix
549 1700 700 1744 credas
714 1703 757 1752 ⁸).
816 1704 863 1743 ut
907 1699 1010 1743 ordo
1055 1699 1256 1744 confusus
1301 1700 1480 1756 antiquo
1522 1698 1800 1756 bibliopegae
1847 1697 1918 1742 vel

243 1774 416 1814 nostrae
465 1769 622 1812 aetatis
672 1767 881 1811 evolutori
940 1768 1144 1824 imputari
1192 1768 1348 1824 possit,
1405 1766 1514 1811 haec
1562 1765 1738 1823 quidem
1790 1765 1920 1811 turba

243 1850 430 1881 minime.

361 1965 391 2004 ι)
416 1960 456 1996 X
473 1965 489 1995 ῖ
502 1971 578 2007 sqq.
597 1960 773 2002 (Platonis
788 1959 946 2004 itinera),
974 1958 1078 1995 XVII
1098 1960 1204 2005 Ssqq.
1219 1958 1407 2002 (Arcesilai
1423 1957 1601 2001 eruditio),
1634 1957 1738 1994 XXV
1754 1960 1775 1994 5
1791 1956 1917 2001 (cnte-

244 2019 468 2117 mtcmgyvl
496 2078 602 2120 lsqq.
630 2073 836 2115 (Platonici,
860 2072 1021 2119 sequitur
1045 2074 1089 2108 28
1114 2072 1307 2120 Speusippi
1330 2072 1538 2118 successio),
1573 2070 1814 2115 smmum),
1847 2068 1918 2107 XX

241 2132 522 2232 (Arooegssgm'
547 2186 649 2229 XIV,
676 2186 708 2222 T
715 2187 758 2230 (Y)
781 2186 965 2232 (Polemo),
998 2185 1111 2224 Pini‘.
1128 2197 1165 2233 p.
1189 2186 1439 2230 (Arcesilaus).

357 2248 392 2286 ⁴)
415 2243 669 2281 XVIII—XX
694 2243 941 2287 (Arcesilaus).

357 2305 392 2346 5)
416 2301 503 2338 VIII
527 2301 590 2337 inf.
613 2310 717 2347 pars.
754 2299 805 2335 IV
828 2310 908 2346 sup.
932 2300 1171 2343 (Xenocrates
1195 2300 1267 2335 vini
1291 2298 1552 2346 capacissimis
1576 2307 1749 2336 coronam
1769 2307 1917 2336 aunam

242 2359 382 2396 aufert:
418 2358 582 2404 sequitur
609 2357 659 2393 IV
685 2361 703 2393 ’1
730 2356 950 2402 disciplina),
985 2356 1089 2393 XXII
1116 2359 1154 2393 21
1170 2367 1247 2404 sqq.
1273 2356 1490 2400 (Carneades
1520 2355 1711 2402 legationis
1732 2354 1919 2392 &mnae

242 2416 441 2462 particeps:
471 2416 633 2460 sequitur
657 2417 701 2450 ³5
726 2413 939 2459 disciplina).

357 2474 392 2516 6)
417 2471 473 2508 Cf.
499 2471 633 2508 Buech.
658 2482 695 2517 p.
714 2474 753 2514 4,
785 2471 846 2517 qui
869 2475 1034 2517 quartam
1058 2473 1227 2518 paginam
1252 2476 1402 2508 octavae
1434 2471 1523 2508 vidit
1545 2469 1752 2507 adhaesura.
1799 2466 1915 2514 Boep.

242 2541 279 2575 p.
297 2532 353 2566 2³.
394 2530 522 2575 Gomp.
546 2528 627 2564 Jen.
651 2538 689 2574 p.
706 2530 787 2564 604.
826 2528 1015 2564 columnas
1038 2528 1224 2565 Ix—xn
1248 2534 1398 2575 quartae
1423 2538 1505 2564 cum
1528 2527 1663 2565 Busch.
1688 2525 1916 2572 numm

243 2592 433 2632 postquam
464 2584 591 2631 Gomp.
624 2584 779 2621 xnlm
808 2584 922 2621 eidem
952 2586 1140 2628 conexuit,
1176 2585 1275 2622 nullo
1306 2586 1412 2622 modo
1441 2585 1562 2631 potui,
1596 2583 1677 2621 ideo
1705 2584 1831 2620 mm
1852 2591 1916 2618 eas

243 2644 376 2679 invitus
412 2642 534 2679 obdidi
564 2642 601 2677 ln
634 2641 753 2677 indice
782 2641 1052 2678 Platonicorum
1083 2643 1228 2679 nomina
1257 2641 1458 2679 Heraclidis
1486 2644 1525 2678 et
1556 2638 1754 2677 cumnis
1789 2647 1916 2676 rursus

243 2700 458 2798 confingo&
475 2757 497 2791 l.
523 2756 570 2792 cf.
594 2755 641 2792 ad
665 2754 771 2791 XXII
790 2758 843 2791 15.
892 2755 1015 2801 comp.
1033 2766 1069 2802 p.
1086 2759 1110 2791 o
1133 2755 1179 2791 ds
1201 2755 1317 2791 altoeo
1340 2754 1475 2791 indice:
1493 2755 1575 2802 pud
1597 2762 1751 2790 mom
1773 2751 1804 2788 ι’(
1823 2750 1916 2788 dub-

243 2812 302 2848 bio
332 2823 370 2848 se
399 2813 412 2847 a·
439 2813 656 2858 frammenti
683 2811 771 2848 deu'
795 2813 979 2848 estre-acea
1008 2812 1187 2859 inferiore
1214 2817 1498 2860 appar-temam
1524 2809 1595 2859 poi
1612 2812 1821 2847 urm
1841 2806 1915 2845 alle

242 2874 354 2904 smse
376 2869 528 2905 colonae
550 2868 609 2904 dei
630 2869 847 2914 frammenti
866 2869 1063 2916 super-iord.

357 2939 392 2978 8)
418 2936 485 2972 Ex.
510 2948 562 2981 gr.
587 2938 654 2973 col.
681 2935 777 2973 XVI.
