2034 3230
23 283 35 302 ’β
105 307 306 354 columna
353 307 408 353 de
456 306 680 352 Chaerone
728 307 976 352 Pellenensi
1024 307 1189 352 athleta
1237 306 1475 362 eodemque
1524 304 1780 362 disciplinae

21 411 24 431 2
106 376 372 436 Platonicae„
394 375 571 423 adseela
597 376 711 432 agit,
752 376 850 432 ipsa
887 389 1059 433 quoque
1096 375 1152 420 ad
1182 374 1406 430 Hermippi
1435 372 1562 418 fidem
1593 376 1636 426 (4
1654 376 1778 430 sqq.).

95 445 255 504 ‘itaque
282 447 358 488 aut
387 457 416 487 a
444 447 588 488 nostro
617 444 880 488 Dicaearchi
908 444 1199 488 testimonium
1238 442 1293 486 de
1321 442 1402 486 hoc
1430 446 1616 498 tyranno
1646 441 1779 486 disse·

105 511 239 557 tentis
267 516 487 568 tamquam
517 512 707 556 melioris
734 513 857 557 testis
886 511 1094 556 adversus
1123 511 1403 567 Hermippum
1443 523 1539 554 esse
1565 510 1780 567 prolatum

21 590 26 621 ζ
105 583 182 625 aut
219 579 336 636 quod
374 581 508 623 multo
544 580 813 636 probabilius
843 580 1123 636 Hermippum
1159 579 1217 623 ad
1252 580 1513 624 Graecorum
1552 577 1779 633 ἱστορικῶ-

105 665 240 693 τατον
280 660 558 705 provocasse,
608 662 637 692 a
679 662 763 705 quo
805 653 1085 704 Πελληναίων
1129 652 1350 691 πολιτείαν
1398 647 1596 698 scriptam
1646 646 1779 690 fuisse

107 715 258 760 Cicero
286 715 411 760 docet
441 715 513 768 (ad
533 716 619 759 Att.
639 717 684 760 11
704 719 745 769 2)
775 715 1060 759 admiratione
1090 715 1173 758 viri
1201 714 1403 759 imbutus.
1463 727 1519 757 an
1548 714 1779 770 scripserat

106 789 385 838 φιλοσοφίαν,
424 780 484 836 ὥς
513 782 784 839 Δικ)αίαρχο’ς
814 795 957 838 φησιν,
996 781 1264 837 μ(ετ)ιόνταῗ
1314 783 1361 825 in
1389 781 1533 825 verbis
1570 781 1779 837 proximis

18 870 27 918 3
106 851 348 908 dactylicos
374 865 574 895 numeros
604 852 725 895 casui
758 851 980 895 tribuerim
995 855 1039 904 ¹).

220 919 381 964 talibus
409 923 645 964 commotus
674 917 847 962 indiciis
880 920 1079 976 reputavi
1107 922 1309 976 possetne
1338 918 1672 974 fragmentorum
1703 931 1778 961 nu-

14 957 30 1014 τη
105 1000 251 1032 merus
269 986 488 1032 schedulis
516 988 723 1032 consertis
745 987 963 1042 imminui,
994 1000 1136 1043 neque
1164 991 1308 1030 tamen
1338 986 1572 1042 quidquam
1601 987 1776 1043 profeci,

17 1066 25 1079 ³
105 1056 191 1101 nisi
218 1054 334 1112 quod
353 1054 460 1099 duos
485 1055 698 1111 pannulos
729 1054 752 1096 b
773 1054 943 1106 (dextr.)
972 1069 1069 1099 cum
1100 1070 1122 1099 e
1140 1055 1255 1108 (sin.)
1284 1058 1401 1098 recte
1421 1055 1647 1111 copulasse
1671 1055 1777 1098 mihi

16 1142 20 1149 ¹
105 1123 269 1168 videor.

22 1228 25 1231 ,
219 1190 465 1248 proficiscor
485 1204 514 1234 a
532 1205 571 1235 v.
592 1190 616 1233 b
637 1195 675 1246 5,
706 1192 782 1236 ubi
801 1197 918 1237 recte
937 1195 1212 1247 Σκίνθαρον
1234 1191 1413 1235 Cronert
1432 1192 1631 1246 agnovit:
1662 1195 1778 1236 certe

23 1262 25 1264 ’
108 1273 194 1304 non
222 1259 278 1304 de
305 1260 553 1304 Aristoxeni
582 1264 705 1316 patre
734 1261 808 1316 agi
837 1274 1090 1318 persuasum
1118 1260 1272 1315 habui,
1303 1260 1506 1316 quoniam
1534 1260 1778 1317 propinqua

9 1325 22 1382 ,ῑέ
106 1332 174 1372 est
200 1327 366 1372 Laertii
385 1327 514 1382 Diog.
535 1328 590 1380 (V
610 1329 681 1379 92)
712 1329 1037 1373 narratiuncula
1066 1327 1123 1372 de
1150 1328 1318 1383 tragico
1349 1332 1405 1381 (v.
1427 1328 1547 1372 Suid.
1567 1342 1600 1372 s.
1621 1330 1677 1380 v.)
1707 1330 1776 1372 vel

20 1397 24 1446 J
106 1395 207 1440 aliis
244 1395 492 1439 auctoribus
527 1395 740 1452 Dionysio
779 1397 1024 1452 Transfuga
1062 1395 1336 1440 Heraclidem
1373 1396 1623 1441 ludificante
1633 1399 1689 1452 2),
1730 1401 1776 1439 ut

21 1467 24 1495 ἶ
106 1463 223 1508 haud
265 1464 415 1520 procul
452 1476 480 1506 a
518 1463 717 1507 columna
752 1464 796 1507 X
841 1465 1022 1509 frustulo
1065 1465 1184 1508 locus
1223 1463 1391 1508 dandus
1430 1478 1524 1509 esse
1564 1465 1774 1508 videatur.

15 1527 22 1542 ”
106 1545 192 1576 non
211 1532 398 1589 amplius
417 1536 562 1576 tamen
580 1531 693 1576 hanc
712 1546 801 1576 rem
820 1538 1068 1589 persecutus
1087 1546 1193 1587 sum,
1215 1532 1351 1576 donec
1370 1532 1595 1576 verborum
1614 1547 1777 1577 memor

107 1613 222 1658 qnae
248 1604 348 1645 sunt
375 1598 603 1653 Διονύσιος
633 1600 657 1644 ὃ
679 1604 979 1653 Μεταθέμενος
1007 1601 1032 1656 ἢ
1055 1606 1328 1657 Σπίνθαρος,
1361 1599 1419 1653 ὥς
1449 1604 1577 1652 ἔνιοι,
1606 1600 1775 1657 γράψας

106 1667 185 1713 τὸν
205 1674 541 1724 Παρθενοπαῖον
570 1670 780 1723 ἐπέγραψε
800 1673 1089 1723 Σοφοκλέους.
1142 1668 1166 1713 ὃ
1198 1673 1240 1713 δὲ
1270 1668 1499 1723 πιστεύσας
1529 1672 1587 1722 εἴς
1616 1688 1656 1713 τι
1684 1676 1775 1713 τῶν

20 1739 23 1742 ’
108 1740 228 1782 ἰδίων
259 1734 603 1791 συγγραμμάτων
641 1739 791 1792 ἐχρῆτο
824 1744 1077 1795 μαρτυρίοις
1115 1737 1176 1789 ὡς
1204 1742 1486 1792 Σοφοκλέους
1514 1745 1606 1782 κτλ.
1646 1743 1776 1794 atque

106 1804 393 1859 stagmentum
414 1817 436 1846 e
452 1803 565 1856 (sin.)
589 1805 738 1860 paullo
757 1806 963 1850 intentius
983 1806 1295 1862 contemplatus
1315 1808 1517 1864 perspexi
1546 1807 1569 1850 f
1573 1820 1629 1850 ru
1641 1808 1775 1850 stuli

108 1871 133 1915 b
153 1871 335 1927 (dextr.),
375 1872 446 1915 cui
476 1871 654 1916 Cronert
687 1878 835 1918 enotat
864 1874 1237 1919 intercolumnium
1276 1888 1304 1918 a
1332 1874 1487 1918 dextra
1523 1874 1773 1930 adhaerere,

108 1940 403 1995 marginem
433 1940 487 1982 in
517 1940 669 1985 calce
699 1955 811 1985 cum
842 1944 1004 1999 e(sin.)‚
1034 1943 1127 1987 ubi
1157 1943 1428 1986 contraria
1458 1943 1659 1998 v-alent,
1690 1956 1775 1986 non

108 2007 234 2052 modo
275 2020 435 2065 posse
479 2007 854 2066 confertuminari,
899 2011 977 2055 sed
1020 2015 1228 2068 oportere.
1295 2010 1560 2067 praecedunt
1594 2011 1774 2055 fortasse

108 2078 232 2129 ἕ(ν)ια
256 2074 264 2133 Ι
290 2078 350 2128 (δὲ
379 2074 552 2129 τούτοις
583 2077 810 2133 συν)ωιδα’,
849 2083 940 2122 tum
969 2080 1015 2123 ni
1042 2079 1170 2123 fallor
1199 2078 1504 2135 supplendum:

920 2149 1010 2198 κ)αὶ
1042 2164 1128 2191 πο-

597 2212 1035 2272 λυθρύλητοςῖὶῖμ)ὲν
1063 2220 1199 2260 Σπιν-

596 2281 743 2338 θάρου
773 2289 900 2342 τέχνη
910 2288 939 2337 ,)
977 2283 1026 2335 ὃς
1056 2284 1133 2327 τὸν

596 2353 970 2407 Παρθ(ενοπαῑον
1000 2349 1060 2404 ὥς
1090 2351 1184 2397 ἔλε-

596 2418 688 2474 γό(ν
717 2436 834 2472 τινες
871 2419 1049 2477 γράψας
1077 2425 1161 2464 Σο-

598 2488 866 2544 φο(κ)λ(έους
895 2488 1139 2545 ἐπέγραψε.

598 2579 695 2629 τῶ(ι
726 2576 971 2633 σιλλύβωιῖ
1002 2578 1050 2622 δὲ
1074 2575 1208 2636 ‘HQa-

222 2703 254 2743 1)
277 2699 477 2736 Occasione
501 2700 587 2736 data
609 2701 853 2746 quaestionem
878 2703 1143 2748 proposuerim,
1173 2703 1327 2739 liceatne
1354 2706 1514 2739 statuere
1537 2714 1561 2739 a
1584 2703 1771 2740 Chaerone

106 2754 291 2793 Platonico
303 2756 500 2802 eodemque
511 2757 629 2793 herois
643 2758 808 2803 cponymi
823 2759 1052 2794 Chaeroneae
1065 2759 1164 2802 (Hes.
1179 2759 1244 2804 frg.
1261 2763 1323 2795 154
1337 2760 1401 2796 Rz.
1415 2770 1472 2805 ap.
1487 2760 1594 2796 Paus.
1608 2760 1660 2797 1x
1671 2764 1727 2804 40,
1736 2765 1770 2805 5)

42 2820 43 2825 ’
104 2813 142 2848 ct
162 2811 359 2849 Alexandri
381 2813 506 2859 Magni
530 2814 652 2850 nescio
676 2818 765 2859 quot
788 2814 1096 2851 Alexandreamm
1121 2815 1319 2851 conditoris
1343 2816 1443 2852 simio
1467 2815 1527 2859 (cf.
1544 2816 1614 2852 XII
1631 2820 1666 2861 9)
1697 2829 1769 2854 non

37 2883 39 2887 ⁴
105 2867 282 2906 diversum
310 2880 392 2907 esse
420 2870 521 2906 illum
552 2871 791 2915 Chaeronem,
825 2882 928 2916 quem
958 2872 1051 2908 idem
1084 2872 1330 2908 Dicaearchus
1358 2872 1396 2908 in
1428 2871 1687 2918 Trophoniana
1716 2875 1766 2911 lo·

0 2949 34 2979 ³11.
105 2928 271 2971 «luentem
292 2925 484 2963 induxerat
506 2926 590 2970 (Cic.
615 2927 662 2963 ad
684 2928 761 2964 Att.
783 2928 837 2964 VI
862 2931 893 2971 2,
920 2927 1032 2965 FHG.
1057 2928 1092 2964 11
1117 2930 1207 2972 267).

218 2984 254 3027 2)
276 2982 405 3020 Nauck
429 2987 474 3019 tr.
498 2994 549 3028 gr.
575 2982 637 3019 fr.²
659 2994 696 3029 p.
715 2987 793 3020 839.
