2034 3230
909 180 1165 211 „1-

311 282 577 340 paragraphi
608 282 756 325 variae
785 280 949 324 formae
973 285 1222 324 occurrunt:
1251 281 1438 336 angulus
1457 281 1515 325 ad
1535 281 1731 328 dextram
1750 294 1870 339 spec-

198 357 294 396 tans
323 365 347 396 ι.
368 352 447 405 bis,
478 350 568 393 XII
589 353 664 405 44,
696 349 779 393 XV
801 353 869 404 47,
900 348 1127 405 utrobique
1146 349 1192 392 in
1211 349 1436 394 columnae
1456 350 1588 405 calce,
1619 350 1757 395 altero
1775 350 1871 395 loeo

197 434 285 463 una
315 433 411 463 cum
442 418 652 462 enuntiati
674 417 770 472 fine,
801 422 849 460 ut
878 430 963 460 non
992 417 1087 461 sine
1117 416 1208 460 veri
1228 417 1388 473 specIe,
1417 418 1671 475 praesertim
1702 418 1783 463 col.
1802 417 1870 462 XI

198 490 252 531 35
268 501 333 544 sq.
363 487 548 543 conlata,
579 485 667 531 XII
690 490 744 529 44
766 491 1044 542 στρατιωτῶν
1074 485 1327 541 suppleatur
1354 485 1618 543 verbumque
1646 485 1871 543 praedica-

196 557 331 599 tivum
361 559 577 599 statuatur
606 555 769 599 alicubi
799 554 1100 611 praecessisse.
1160 551 1243 596 XV
1265 556 1291 597 3
1321 557 1437 598 certe
1466 567 1552 598 non
1580 553 1710 609 longe
1738 553 1872 599 distat

196 637 225 667 a
252 624 445 680 paginae
473 624 698 680 proximae
717 622 814 666 fine.
854 627 1082 679 praeterea
1112 620 1302 664 notanda
1331 621 1556 666 columnae
1574 620 1741 666 XXVI.
1782 621 1873 666 ima

195 705 297 747 pars
337 691 501 747 duplici
543 692 668 746 signo
706 690 716 748 Ι
730 695 771 749 A
804 692 947 735 cincta
989 690 1135 734 nescio
1177 703 1233 732 an
1278 690 1524 734 emblemati
1567 688 1764 734 eiciendo
1799 688 1871 741 (cf.

195 773 238 816 p.
269 759 442 813 XXIII)
471 761 748 804 inserviente.
808 758 995 816 denique
1033 757 1297 815 paragraphi
1339 762 1488 812 διπλῆς
1525 757 1714 814 speciem
1748 769 1872 814 prae-

195 828 336 872 bentis
353 832 381 879 1)
411 828 496 871 tria
514 832 614 872 sunt
634 827 853 883 exempla:
883 826 1012 870 XXV
1035 829 1102 882 36,
1133 825 1285 870 XXVI
1307 830 1345 881 4,
1375 825 1574 870 XXXVI
1597 828 1671 880 14,
1701 825 1872 881 insigne

195 897 367 940 tertium
400 901 574 953 propter
602 895 841 940 clausulam
873 894 1078 952 deinceps
1106 899 1374 950 sequentem.

310 963 555 1008 coronidem
578 964 739 1007 nullam
760 964 949 1020 repperi,
980 967 1142 1020 puncta
1171 962 1437 1007 distinctioni
1467 962 1748 1007 inservientia
1774 975 1871 1020 per·

195 1045 304 1086 raro,
344 1032 399 1076 cf.
429 1032 541 1076 XIII
573 1036 638 1087 10,
678 1032 753 1075 ubi
782 1033 828 1075 in
858 1032 1229 1088 photogrammate
1260 1029 1500 1075 Oxoniensi
1532 1028 1784 1086 ὑποτελεία,
1823 1035 1872 1075 ut

195 1101 302 1144 artis
333 1101 543 1144 vocabulo
573 1100 816 1144 Nicanoreo
844 1105 952 1155 utar,
997 1099 1272 1157 paragrapho
1311 1099 1543 1143 coniuncta
1576 1097 1767 1144 dilucide
1794 1111 1871 1156 ap-

195 1169 351 1222 paruit.
411 1167 602 1212 indidem
640 1169 822 1213 accessit
860 1169 986 1212 colon
1017 1172 1061 1221 (2)
1100 1167 1208 1212 XIV
1230 1169 1345 1222 412),
1391 1167 1498 1211 alibi
1537 1166 1712 1224 quidem
1749 1171 1798 1212 ut
1825 1167 1872 1211 in

198 1237 438 1292 fragmento
468 1238 629 1281 erotico
660 1236 870 1281 Grenfelli
884 1239 915 1287 3)
945 1236 1263 1280 creberrimum.

309 1305 484 1349 notulae
504 1319 654 1349 versus
672 1304 902 1362 supplendi
924 1305 1066 1360 gratia
1085 1304 1262 1348 additae
1278 1301 1743 1359 (‘Fullungszeichen')
1765 1316 1872 1361 qna·

193 1386 287 1416 rum
317 1373 511 1430 alioquin
541 1386 645 1417 usus
672 1373 1045 1430 frequentissimus
1075 1376 1160 1425 (ex.
1187 1388 1250 1428 gr.
1272 1371 1441 1416 Philod.
1471 1390 1513 1417 π.
1547 1389 1693 1428 κοιημ.
1723 1385 1766 1429 p.
1786 1373 1871 1416 249

194 1439 365 1492 Hausr.)
379 1444 423 1496 ⁴),
455 1454 667 1498 nusquam
698 1440 814 1497 quod
834 1442 970 1485 sciam
998 1446 1155 1486 certae.
1205 1442 1227 1485 I
1251 1445 1268 1484 1
1304 1454 1407 1487 enm
1442 1440 1532 1484 iota
1561 1438 1766 1484 abundat.
1814 1438 1870 1483 cf.

194 1507 238 1551 Z
253 1513 301 1562 5,
331 1509 369 1551 V
394 1512 445 1552 10
478 1522 555 1554 ΜΑι
589 1510 634 1552 in
664 1509 705 1552 N
734 1512 904 1562 (μαθεῖν
936 1508 1119 1565 Gomp.).
1178 1509 1232 1553 cf.
1263 1524 1306 1566 p.
1326 1509 1438 1553 XIII
1468 1523 1510 1552 n.
1533 1511 1572 1552 3.

308 1577 360 1620 V.
399 1577 468 1621 De
487 1576 614 1621 rebus
641 1577 985 1634 orthographicis
1015 1577 1123 1621 haec
1152 1577 1367 1621 monenda
1397 1590 1494 1622 esse
1514 1575 1726 1620 videntur.
1774 1575 1872 1619 Iota

195 1649 357 1688 mutum
388 1646 490 1701 poni
520 1645 688 1690 adsolet
700 1647 753 1697 ⁶):
799 1646 937 1689 rarior
966 1646 1140 1690 omissio
1170 1649 1236 1690 est
1249 1648 1281 1699 θ)
1319 1658 1459 1703 neque
1489 1645 1573 1689 loci
1602 1643 1758 1688 desunt
1794 1642 1870 1687 ubi

195 1713 389 1757 abundat
398 1714 446 1767 ⁷).
474 1713 649 1768 uscyvig
664 1713 866 1757 scribitur
879 1713 1003 1769 P24,
1026 1717 1245 1768 συνέμειξε
1260 1712 1309 1757 Χ
1321 1714 1430 1766 10⁸).
1458 1718 1618 1767 βυβλία
1632 1710 1745 1756 XIX
1763 1712 1870 1762 15⁹).

194 1816 334 1861 grapho
365 1825 438 1851 non
467 1813 623 1859 carens).
670 1814 742 1850 huc
778 1815 1000 1851 revocandas
1038 1825 1168 1851 censeo
1206 1818 1305 1861 (post
1334 1814 1498 1864 αἱρέσεις
1526 1818 1565 1851 et
1594 1809 1727 1856 νόσον)
1762 1820 1870 1859 pern·

194 1870 353 1917 graphos
376 1871 473 1907 iusto
497 1870 605 1906 altius
631 1870 678 1906 ob
702 1870 738 1906 id
761 1871 880 1916 ipsum
905 1870 1115 1907 conlocatas
1148 1871 1244 1916 quod
1273 1872 1336 1917 qui
1359 1871 1521 1908 libellum
1543 1880 1565 1907 c
1588 1868 1769 1907 volumine
1789 1877 1869 1905 vn·-

194 1927 295 1963 sibus
327 1926 619 1972 longioribus
649 1926 897 1971 describebat,
933 1937 1064 1964 novum
1091 1928 1309 1974 paragraphi
1340 1928 1461 1964 locum
1491 1938 1566 1964 non
1597 1935 1733 1963 curans
1762 1933 1869 1972 prae-

196 1983 364 2029 ceptique
386 1983 612 2020 Aristotelici
635 1983 740 2027 (rhet.
765 1982 819 2018 ΠΙ
843 1986 878 2026 8)
909 1983 1095 2021 immemor
1126 1994 1294 2021 versuum
1327 1994 1514 2021 numerum
1544 1982 1676 2029 quibus
1707 1981 1869 2020 notnhn

195 2041 409 2087 appicturus
432 2044 514 2077 erat
537 2039 809 2077 concinnavisse
832 2040 923 2076 satis
947 2040 1085 2077 habuit.

313 2101 346 2141 1)
371 2098 476 2135 Bias·
498 2098 536 2134 in
560 2097 710 2134 Munere
733 2096 876 2133 Handb.
901 2097 918 2132 1
941 2108 976 2143 p.
994 2100 1072 2134 286.

312 2158 346 2198 2)
370 2155 424 2193 cf.
450 2155 600 2191 Gardth.
625 2166 660 2200 p.
679 2157 758 2199 273,
790 2154 896 2191 Blass
919 2154 944 2191 i.
961 2155 1005 2200 l.,
1039 2154 1213 2191 Haberlin
1238 2155 1300 2191 Gr.
1325 2154 1413 2201 Pap.
1437 2165 1473 2200 p.
1494 2155 1569 2190 123.

311 2216 344 2255 3)
369 2212 518 2250 Crusius
534 2212 662 2248 Philol.
680 2211 746 2248 LV
763 2223 799 2258 p.
816 2215 893 2248 354.
926 2211 1078 2259 Kenyon
1095 2224 1130 2259 p.
1149 2215 1203 2248 28.
1237 2212 1344 2248 Cron.
1361 2211 1472 2248 Areh.
1490 2210 1516 2247 f.
1535 2210 1624 2257 Pap.
1640 2210 1659 2246 1
1678 2213 1755 2247 115.
1770 2212 1867 2247 δυ’.

311 2273 346 2312 4)
370 2269 474 2306 Blass
496 2269 632 2316 Hyper.
657 2268 781 2315 p.X1,
817 2269 969 2306 Gardth.
994 2279 1029 2315 p.
1048 2271 1127 2314 277,
1164 2269 1316 2305 crona-t
1346 2268 1413 2314 Qu.
1441 2268 1547 2304 Herc.
1569 2278 1605 2313 p.
1627 2270 1679 2312 10,
1714 2266 1868 2314 Komo-

197 2338 232 2372 p.
251 2329 312 2369 31,
343 2326 519 2363 Dzintzko
543 2327 628 2362 Ant.
655 2325 803 2361 Buchw.
828 2336 863 2371 p.
886 2327 967 2368 112,
1002 2325 1170 2362 Wilcken
1195 2326 1327 2362 Archiv
1352 2326 1379 2362 f.
1405 2325 1494 2372 Pap.
1519 2324 1537 2360 1
1561 2326 1640 2361 389.

309 2385 345 2425 δ)
369 2384 483 2430 ζωιῆς
505 2382 589 2418 xm
616 2386 673 2428 ³9,
708 2383 925 2429 κωμωδίας
949 2381 978 2418 S
993 2384 1053 2426 33,
1091 2384 1312 2431 τραγωιδιάι
1337 2381 1458 2419 XXXI
1485 2386 1518 2428 5,
1554 2377 1674 2430 ὁρώσῃ
1696 2379 1787 2419 xm
1809 2382 1869 2426 87,

195 2438 350 2486 ραιόίως
372 2438 513 2475 XXXII
536 2443 569 2476 6.
615 2439 720 2477 Oron.
746 2450 782 2486 p.
800 2442 852 2475 46.

310 2499 345 2539 0)
369 2495 407 2532 Ν
422 2499 454 2533 0.
473 2499 506 2542 9,
542 2496 589 2532 ct'.
608 2496 716 2533 Cron.
735 2507 771 2543 p.
788 2500 846 2533 5³.
882 2496 919 2533 Ν
939 2499 991 2541 18,
1016 2495 1063 2533 cf.
1088 2495 1135 2532 id.
1160 2507 1195 2542 p.
1214 2499 1269 2531 52.
1305 2495 1504 2541 Jernstedt,
1527 2495 1672 2541 Fragm.
1688 2492 1866 2540 Porphyr.

196 2552 355 2590 comoed.
379 2554 456 2589 Att.
480 2556 600 2596 (ross.)
623 2563 657 2599 p.
676 2555 730 2589 46.

312 2613 344 2652 7)
370 2609 455 2646 VIII
482 2613 500 2645 7
527 2607 629 2658 emm
652 2611 712 2651 (cs.
731 2609 840 2646 Creu.
858 2610 993 2647 Archiv
1009 2610 1034 2646 f.
1051 2609 1173 2657 Pap.1
1195 2612 1290 2653 108),
1322 2609 1357 2646 P
1371 2612 1413 2646 27
1431 2606 1608 2657 ἄπέστηι,
1633 2607 1668 2645 T
1677 2609 1699 2644 8
1721 2604 1864 2655 ἐπραγ-

195 2665 398 2714 ματείθηι,
428 2666 553 2703 XXIII
578 2670 599 2702 0
623 2667 756 2705 aleton
782 2670 823 2702 ut
847 2667 929 2704 cod.
945 2669 976 2702 Δ
1002 2667 1258 2714 Euxenippeac
1281 2666 1400 2703 XLVI
1427 2669 1464 2709 1,
1488 2666 1634 2712 passim.
1668 2662 1710 2700 Χ
1725 2665 1764 2700 17
1787 2660 1863 2708 ἐξέ-

198 2737 308 2760 νωικε
334 2724 480 2759 dubium
505 2728 571 2760 est.
619 2723 668 2760 ci.
694 2723 847 2768 Usener,
870 2723 976 2759 Jahn.
1001 2734 1085 2760 ann.
1105 2726 1191 2761 1865
1216 2735 1253 2770 p.
1271 2726 1356 2768 261,
1388 2722 1546 2759 Βιιοοὴ.*
1569 2721 1617 2758 ad
1640 2720 1675 2757 X
1690 2723 1731 2765 4,
1755 2719 1863 2757 eron.

197 2779 263 2824 Qu.
290 2791 324 2825 p.
341 2783 395 2816 «15.
443 2776 581 2827 ἅληθῆι
605 2780 717 2829 Myon
740 2780 778 2816 in
802 2780 937 2816 tabulis
961 2780 1035 2817 litis
1060 2780 1194 2826 Oxyrh.
1220 2790 1304 2826 pap.
1327 2779 1346 2815 1
1370 2781 1458 2816 8022.

312 2839 345 2877 s)
369 2836 422 2871 cr.
449 2836 553 2872 cren.
572 2847 606 2882 p.
624 2840 686 2883 3⁴,
715 2837 959 2874 Meisterhm
984 2839 1140 2873 Gramm.
1156 2836 1191 2872 d.
1209 2841 1274 2872 m.
1292 2835 1451 2872 luscha·
1474 2846 1509 2881 p.
1526 2837 1631 2878 ιιι...
1657 2834 1801 2870 isim..

312 2896 346 2934 υ)
371 2891 425 2927 Cf.
451 2892 529 2928 Birt
545 2893 692 2930 Buchv.
710 2905 744 2939 p.
767 2897 819 2930 13.
853 2894 1029 2931 Dniatsko
1045 2894 1193 2931 Bucbv.
1210 2904 1246 2940 p.
1261 2894 1318 2938 30,
1340 2891 1434 2928 iden
1450 2889 1694 2938 Pauly-wisc.
1713 2887 1765 2926 111
1782 2892 1862 2926 406.

197 2947 372 2985 nebulis:
396 2948 518 2985 contr.
537 2949 562 2985 t'.
580 2949 674 2986 Bibl.
693 2950 763 2988 vn
777 2961 814 2997 p.
831 2953 898 2987 27⁸
911 2961 988 2998 sqq.
1020 2950 1126 2987 omn.
1143 2960 1179 2996 p.
1195 2951 1252 2987 20.
1283 2947 1471 2986 uum.
1488 2958 1522 2994 p.
1541 2949 1613 2985 28..

2025 1330 2034 1399 Ξ

2024 1406 2034 1495 3
