2034 3230
644 548 1161 613 PRAEFATIO.

204 752 238 796 I.
288 748 464 796 ‘Incerti
502 752 689 796 auctoris
728 751 850 808 liber,
890 752 1012 796 cuius
1049 753 1201 797 titulus
1239 765 1339 799 non.
1363 749 1574 810 superest’
1587 756 1637 808 ¹),
1679 754 1734 798 ab

62 819 226 864 Ioanne
245 819 371 877 Bapt.
394 819 623 865 Casanova
643 833 756 863 anno
777 821 963 877 proximi
984 821 1149 864 saeculi
1169 824 1320 864 octavo
1344 822 1552 876 evolutus,
1585 822 1735 866 eodem

62 901 148 946 quo
166 887 412 933 Lndovicus
433 888 621 932 Gorazza
651 888 881 943 gemellum
912 888 966 932 de
993 889 1231 933 Stoicorum
1261 890 1605 934 successionibus
1635 904 1732 947 ape,

60 956 159 1012 ruit,
188 955 236 1000 in
253 955 517 1001 bibliotheca
536 969 798 1013 papyrorum
819 957 956 1000 Musei
977 957 1255 1013 Neapolitani
1286 961 1430 1001 exstat
1460 963 1555 1002 octo
1575 958 1735 1005 tabulis

44 1024 316 1083 *marginatis
354 1025 539 1081 paginas
574 1024 771 1068 XXXVI
811 1025 1191 1082 complectentibus
1229 1027 1426 1083 vitroque
1463 1027 1654 1071 inclusus
1692 1034 1736 1072 et

60 1105 238 1137 numero
261 1095 365 1137 1021
400 1093 634 1147 insignitus
645 1095 692 1146 2).
753 1093 874 1137 cuius
905 1092 1092 1149 effigiem
1130 1107 1226 1138 cum
1255 1095 1356 1138 Itali
1385 1095 1431 1138 in
1461 1095 1735 1141 Collectionis

59 1161 249 1205 Alterius
278 1165 392 1205 tomo
420 1162 558 1218 primo
588 1162 782 1206 sollerter
817 1161 989 1218 quidem
1019 1166 1112 1206 arte
1141 1162 1461 1220 chalcographa
1490 1168 1734 1220 exceptam-

60 1229 213 1285 quovis
242 1233 387 1274 tamen
416 1230 796 1286 interpretamento
827 1234 1044 1275 carentem
1075 1230 1325 1287 edidissent,
1356 1231 1606 1276 felicissimo
1626 1233 1733 1277 Leo-

59 1296 187 1341 nardi
216 1296 510 1354 Spengelii
539 1299 738 1342 acumine
768 1299 967 1342 effectum
999 1302 1075 1353 est,
1106 1302 1154 1342 ut
1181 1299 1421 1343 litterarum
1451 1301 1585 1344 veluti
1614 1301 1732 1344 nullo

59 1365 239 1411 consilio
277 1366 608 1422 glomeratarum
638 1366 826 1422 farrago,
867 1367 937 1410 cui
970 1367 1046 1410 ille
1075 1367 1431 1411 Academicorum
1460 1368 1732 1424 philosopho·

58 1447 152 1478 rum
190 1439 351 1479 πίνακα
390 1434 532 1478 inesse
570 1439 829 1490 agnoverat,
876 1434 1119 1478 documenti
1163 1436 1350 1492 speciem
1393 1435 1589 1480 indueret
1631 1449 1732 1480 vere

59 1503 237 1547 humani
250 1506 298 1556 ³).
357 1516 443 1546 non
480 1503 543 1546 ita
581 1503 714 1546 multo
759 1507 855 1559 post
901 1502 1032 1546 editio
1074 1516 1228 1559 reapse
1267 1504 1468 1560 princeps
1505 1504 1664 1561 prodiit
1704 1518 1732 1548 a

59 1571 290 1615 Francisco
318 1570 656 1614 Buechelero
687 1574 855 1626 curata,
896 1572 971 1627 qui
1001 1570 1251 1626 diligentius
1286 1573 1332 1615 in
1361 1571 1498 1616 libelli
1527 1574 1732 1629 anonymi

58 1639 248 1683 indolem
277 1635 533 1695 inquirendo
563 1639 784 1694 egregium
814 1640 986 1694 sagacis
1026 1639 1191 1694 ingenii
1221 1640 1409 1696 speciem
1447 1639 1567 1684 dedit
1595 1646 1731 1685 artem

61 1707 253 1752 criticam
274 1707 442 1751 affabre
462 1707 702 1751 exercentis
715 1711 760 1759 4).
816 1707 966 1751 eodem
986 1707 1075 1751 fere
1095 1711 1286 1763 tempore
1307 1707 1556 1753 Theodorus
1578 1709 1730 1753 Gom-

58 1789 205 1833 perz,
251 1776 326 1832 qui
363 1775 409 1818 in
447 1776 698 1831 opusculum
736 1775 1008 1819 tractandum
1047 1775 1134 1818 iam
1172 1774 1340 1831 pridem
1380 1777 1525 1820 studia
1567 1778 1731 1834 impen-

60 1844 241 1900 derat-⁵),
273 1856 368 1887 cum
397 1844 485 1887 iam
515 1843 561 1886 in
592 1856 642 1887 eo
672 1847 785 1887 esset
814 1847 862 1886 ut
890 1844 1092 1900 plagulas
1122 1844 1246 1887 novis
1275 1844 1388 1888 curis
1418 1848 1568 1889 auctas
1600 1850 1731 1902 atque

58 1912 294 1970 perpolitae
322 1913 370 1956 in
398 1912 537 1956 lucem
566 1911 794 1968 proferret,
833 1912 879 1954 in
909 1911 1018 1955 illud
1047 1916 1216 1968 tempus
1251 1926 1339 1956 rem
1371 1912 1605 1968 gerendam
1634 1928 1730 1970 pro-

58 1993 212 2037 rogare
240 1981 431 2025 animum
461 1979 644 2035 induxit,
685 1979 828 2036 quoad
858 1981 1058 2024 volumen
1087 1981 1227 2037 ipsum
1258 1994 1355 2024 cum
1384 1981 1625 2037 pulvisculo
1656 1997 1730 2026 ex·

14 2078 21 2084 -
59 2049 281 2094 cussisset:
325 2062 454 2106 quam
493 2049 781 2104 cognitionem
817 2048 912 2104 spei
949 2061 1056 2092 suae
1089 2061 1212 2092 secus
1242 2049 1516 2105 respondisse
1542 2051 1730 2106 ingenue

174 2176 205 2217 1)
237 2172 358 2210 Verba
380 2174 466 2210 sunt
489 2171 710 2216 Minervinii‚
744 2171 837 2209 con.
861 2171 935 2207 Alt.
959 2172 978 2208 I
1007 2183 1043 2218 p.
1061 2175 1095 2208 8.
1145 2171 1191 2208 cf.
1216 2171 1363 2209 Hercul.
1387 2174 1470 2210 voll.
1497 2174 1613 2210 Oxon.
1641 2177 1728 2210 1824

57 2232 152 2277 part.
168 2230 199 2267 Ι.
222 2229 339 2277 praet.
354 2241 392 2276 p.
413 2230 455 2267 V.

173 2289 208 2331 2)
238 2286 371 2323 Nescio
404 2285 536 2332 quibus
567 2285 688 2322 causis
722 2285 889 2322 commoti
926 2285 1079 2331 Spengel
1110 2285 1238 2322 Philol.
1279 2286 1404 2332 Suppl.
1431 2287 1466 2322 II
1491 2291 1510 2323 5
1535 2299 1573 2334 p.
1597 2290 1661 2323 536
1693 2291 1730 2324 et

58 2343 202 2390 Roeper
225 2342 354 2379 Philol.
372 2343 463 2378 Anz.
479 2342 515 2378 11
539 2354 575 2389 p.
595 2345 637 2378 22
662 2342 707 2378 de
730 2342 909 2379 volumine
934 2342 1131 2388 superstite
1156 2343 1359 2389 desperent.

173 2403 206 2443 3)
231 2399 292 2446 Sp.
318 2400 341 2435 l.
358 2400 381 2434 1.
407 2410 442 2445 p.
458 2401 542 2435 535:
565 2395 668 2434 ‘Wir
691 2398 806 2435 haben
831 2398 912 2435 hier
937 2427 945 2436 .
965 2427 974 2436 .
993 2426 1002 2435 .
1026 2398 1146 2435 nichts
1168 2400 1382 2447 qerinqeres
1405 2400 1461 2435 als
1485 2400 1564 2436 eine
1587 2400 1730 2447 auqabe

0 2468 2 2474 ⁸
58 2455 124 2493 der
146 2455 348 2493 diadoohen
373 2455 439 2493 der
462 2454 739 2492 akademischen
763 2450 916 2491 schule'.
962 2455 1117 2501 primum
1148 2457 1249 2492 illum
1283 2459 1469 2501 conatum,
1503 2456 1562 2492 cui
1585 2455 1729 2492 laudem

3 2549 5 2555 Α
58 2523 162 2550 suam
185 2511 383 2550 Buecheler
406 2522 441 2557 p.
460 2514 479 2546 3
505 2522 577 2548 non
602 2511 774 2557 detraxit,
810 2512 1032 2557 Comparetti
1055 2509 1173 2548 ‘assai
1194 2513 1438 2560 leqqermente
1464 2512 1512 2548 ed
1532 2513 1570 2548 in
1591 2509 1728 2559 fretta’

0 2568 11 2614 ,ζ
58 2569 112 2605 ait
127 2572 346 2615 susceptum,
370 2568 493 2614 paullo
510 2568 681 2614 iniquius,
706 2572 747 2604 ut
763 2567 850 2603 mihi
873 2568 1015 2613 quidem
1035 2568 1187 2612 videtur,
1211 2569 1376 2606 iudicans
1394 2568 1517 2605 Relaz.
1535 2568 1593 2605 sui
1608 2569 1728 2615 papiri

59 2625 168 2662 ercol.
193 2626 286 2669 (Atti
303 2625 336 2662 d.
355 2625 398 2661 R.
415 2625 550 2661 Accad.
568 2625 602 2661 d.
619 2624 746 2660 Lincei
770 2624 806 2660 S.
824 2624 890 2668 111,
914 2636 946 2660 v.
962 2625 995 2661 V
1014 2627 1129 2668 [1880]
1153 2637 1187 2671 p.
1208 2630 1296 2670 163).

0 2680 7 2686 “
173 2685 208 2725 4)
232 2682 364 2718 Heitzii
387 2692 561 2727 censura,
585 2681 708 2719 Revue
732 2681 812 2717 crit.
837 2681 955 2718 d’hist.
981 2685 1019 2717 et
1042 2682 1086 2717 de
1110 2682 1177 2718 litt.
1201 2685 1286 2719 1869
1310 2694 1347 2729 p.
1366 2685 1451 2727 353,
1481 2682 1618 2718 nullius
1651 2692 1727 2718 mo·

6 2743 8 2747 ’
59 2738 168 2775 menti
190 2742 258 2782 eet,
281 2739 394 2775 multo
417 2738 589 2784 gravioris
614 2738 840 2783 Roeperiana
863 2737 907 2774 de
932 2747 1004 2784 qua
1025 2738 1122 2774 infra
1144 2738 1296 2774 dicetur.

174 2798 208 2839 5)
230 2794 364 2832 Jenaer
387 2795 602 2832 Literaturz.
623 2799 721 2838 1875,
746 2806 780 2831 n.
801 2798 879 2839 539,
905 2806 939 2841 p.
958 2798 1021 2830 607
1032 2795 1071 2832 b.'
1407 2841 1455 2875 a*
