2034 3230
877 189 1191 222 —wn—

194 293 366 336 favente
396 304 524 347 quarn
554 304 631 346 pro
662 289 785 334 caelo
815 290 1131 348 Parthenopeio
1158 291 1398 336 litterarum
1426 291 1588 336 formae
1618 305 1702 337 non
1729 291 1863 337 inele-

195 364 348 416 gantes
386 357 595 415 prodeant
611 360 655 411 ¹).
713 358 823 402 solet
860 362 1004 403 autem
1044 362 1088 403 et
1123 358 1202 402 illa
1239 358 1294 403 de
1330 372 1418 416 qua
1455 359 1548 404 dixi
1584 373 1783 405 versuum
1820 364 1865 405 et

194 428 301 472 haec
331 427 569 470 litterarum
601 426 798 482 aequitas
829 425 1063 470 editionum
1090 426 1284 483 propria,
1314 440 1343 470 a
1362 426 1581 472 codicibus
1600 441 1702 472 vero
1720 428 1863 486 priva-

193 500 282 539 tum
311 496 358 538 in
386 508 510 539 usum
542 495 794 551 conscriptis
823 495 970 538 aliena
989 507 1084 538 esse
1097 496 1151 547 2):
1190 498 1238 538 ut
1266 495 1337 538 vel
1365 493 1466 539 hinc
1495 509 1641 540 eorum
1670 496 1864 553 opinioni

194 562 360 621 aliquid
395 562 494 607 fidei
525 562 769 618 adcrescat,
808 563 883 620 qui
922 562 1054 607 libros
1084 562 1429 607 Herculanenses
1458 575 1484 607 e
1510 562 1772 621 bibliopolae
1800 567 1865 608 ta-

192 633 328 676 berna
356 632 565 687 originem
597 631 753 675 ducere
782 632 1045 675 existimant.

307 699 509 743 librarius
547 699 714 743 litteras
751 712 941 743 seorsum
982 712 1163 743 exarare
1200 698 1309 743 solet
1322 702 1368 754 ³),
1406 698 1521 743 idem
1556 699 1866 757 compendiarii

193 769 323 813 moris
351 767 566 812 scribendi
596 772 772 824 spretor,
811 768 879 811 cui
910 781 964 812 ne
994 768 1040 811 in
1070 773 1143 811 καί
1172 766 1346 824 quidem
1376 767 1591 824 particula
1622 767 1867 812 sexcenties

193 842 442 882 occurrente
479 836 676 893 indulget
688 839 736 890 ⁴).
794 837 900 881 satis
944 837 1077 892 igitur
1119 849 1278 880 causae
1322 836 1481 880 habere
1524 835 1630 880 mihi
1672 835 1865 892 videbar,

194 919 327 963 quare
357 905 591 960 Heibergio
621 905 701 948 col.
740 907 779 946 Y
806 907 857 949 12
897 919 921 949 e
949 905 1107 950 litteris
1140 904 1352 954 τογοΑΓὲ
1396 904 1674 962 Pythagorae
1709 916 1868 948 nomen

193 973 419 1027 (ΠΥΘΑΓί)
449 973 694 1017 enueleanti
723 974 794 1017 vel
824 972 1079 1030 Gomperzio
1108 974 1371 1029 Antigonum
1402 987 1457 1018 ex
1486 985 1629 1020 ΑΝτιο
1649 972 1775 1026 (xlx
1798 975 1867 1022 12)

192 1042 446 1099 procudenti
478 1041 732 1098 adstipulari
763 1040 1019 1085 dubitarem.

308 1114 561 1172 accentuum
592 1110 703 1154 notis
734 1109 842 1153 nihil
870 1110 955 1154 loci
976 1114 1053 1165 est,
1083 1110 1219 1154 nihilo
1249 1110 1388 1166 magis
1409 1110 1635 1167 spirituum
1649 1112 1695 1166 Ι5),
1725 1122 1868 1167 neque

194 1177 369 1235 hyphen
399 1178 544 1222 aliave
575 1178 668 1223 eius
698 1178 870 1234 generis
899 1178 1013 1234 sigla
1041 1192 1223 1235 usquam
1255 1178 1346 1222 vidi
1374 1178 1639 1235 usurpatass).

307 1247 443 1291 verba
471 1260 597 1292 versu
627 1246 929 1304 progrediente
958 1260 1043 1291 non
1073 1247 1342 1302 dirimuntur,
1372 1246 1450 1292 sed
1479 1260 1565 1291 uno
1594 1246 1770 1302 agmine
1797 1245 1868 1290 lit·

193 1319 313 1360 terae
357 1315 589 1360 decurrunt
601 1317 648 1371 ⁷).
707 1314 933 1360 verborum
978 1315 1024 1359 in
1067 1329 1266 1360 versuum
1309 1316 1394 1359 fine
1437 1313 1771 1360 dirimendorum
1814 1326 1870 1362 θα

193 1384 311 1428 valet
335 1397 506 1439 norma,
537 1388 585 1427 ut
613 1384 769 1440 plenae
798 1383 996 1439 syllabae
1025 1383 1228 1429 succedat
1256 1384 1387 1438 plena
1400 1386 1445 1436 ⁸).
1503 1383 1716 1427 rationem
1735 1394 1868 1426 enun-

309 1533 342 1574 1)
365 1529 611 1566 Litteraturae
634 1530 799 1576 exempla
822 1539 867 1566 ex
889 1529 1025 1566 tabulis
1046 1529 1297 1576 Neapolitanis
1319 1529 1398 1566 aeri
1419 1528 1545 1565 incisis
1568 1528 1785 1576 deprompta
1805 1538 1868 1566 ex-

193 1588 320 1624 hibent
340 1587 475 1631 Preger
491 1586 605 1623 Inscr.
622 1597 674 1632 gr.
690 1590 793 1623 metr.
811 1597 848 1632 p.
863 1589 906 1622 62
923 1586 984 1629 (cf.
1002 1587 1071 1623 col.
1085 1586 1162 1632 VI),
1184 1586 1353 1623 Homolle
1369 1585 1477 1630 (Bull.
1493 1585 1538 1622 de
1554 1595 1647 1623 corr.
1663 1585 1748 1622 bell.
1761 1584 1868 1622 XVII

193 1656 229 1691 p.
245 1647 310 1680 149
326 1643 389 1687 (cf.
407 1643 476 1680 col.
489 1643 676 1689 XXXIII),
700 1642 900 1680 secundum
922 1643 1106 1689 exemplar
1122 1642 1328 1680 Oxoniense
1349 1652 1462 1679 manu
1484 1641 1667 1689 depictum
1690 1642 1869 1689 Gompera

194 1701 415 1738 Festschrift
438 1701 463 1736 f.
489 1701 675 1737 Benndort'
695 1711 733 1746 p.
754 1702 820 1736 256
843 1700 904 1744 (cf.
926 1700 1006 1737 coll.
1023 1700 1130 1737 XXII
1141 1703 1221 1747 sq.).
1256 1700 1440 1747 specimen
1461 1699 1590 1746 papyri
1615 1701 1680 1736 164
1705 1710 1739 1738 v.
1761 1698 1869 1736 intra.

309 1773 344 1813 2)
369 1769 423 1806 Cf.
439 1768 847 1815 Kaibel-Wilamowitz‚
864 1769 975 1805 Arist.
993 1772 1079 1807 πολ.
1096 1765 1170 1807 Ἀθ.
1186 1780 1222 1816 p.
1236 1769 1289 1806 Vl
1297 1779 1362 1816 sq„
1386 1768 1491 1806 Blass
1507 1768 1530 1805 1.
1546 1767 1571 1806 1.
1585 1779 1623 1815 p.
1636 1766 1754 1805 XVII.
1768 1765 1871 1814 XIX,

195 1827 384 1871 Dsiatzko,
407 1827 494 1862 Ant.
511 1826 657 1862 Buchv.
682 1837 719 1872 p.
740 1828 815 1862 158.
839 1828 914 1862 160.

309 1897 343 1939 3)
367 1894 422 1932 Cf.
447 1895 633 1931 Wattenb.
651 1894 676 1930 l.
691 1894 714 1930 1.
731 1906 767 1941 p.
787 1897 842 1931 21.
889 1894 1071 1931 interdum
1093 1894 1293 1931 litterarum
1317 1897 1394 1937 ΠΤ,
1418 1897 1484 1931 ΤΓ
1507 1894 1586 1932 sim.
1610 1892 1728 1930 lineae
1750 1893 1869 1930 um-

194 1959 319 2042 ἒεηιο
352 1949 418 2043 ιὲίῐ
430 1951 631 1997 proximam
661 1948 818 1985 litteram
850 1948 1050 1995 productae
1078 1949 1236 1996 speciem
1260 1949 1436 1995 ligaturae
1462 1949 1656 1996 praebent,
1690 1948 1738 1987 ct.
1763 1949 1869 1987 Blsss

228 2017 276 2053 'p
308 2018 345 2121 Ξ)
370 2075 423 2112 ef.
444 2075 610 2121 Compar.
629 2074 752 2111 Relaz.
777 2086 811 2120 p.
832 2076 916 2119 162,
940 2074 1125 2110 Wattenb.
1149 2074 1214 2111 1.1.
1238 2086 1276 2121 p.
1294 2076 1350 2118 22,
1371 2077 1446 2120 106,
1470 2074 1573 2111 Scott
1596 2074 1740 2120 Fragm.
1757 2072 1868 2111 Herc.

194 2143 229 2178 p.
246 2135 302 2176 98,
327 2132 421 2169 Ken.
445 2132 508 2169 1.1.
533 2143 568 2178 p.
588 2134 645 2168 32.
661 2152 706 2158 -
730 2131 881 2168 Numeri
904 2141 977 2168 non
1000 2133 1185 2176 notantur,
1210 2130 1274 2168 sed
1298 2130 1426 2168 litteris
1449 2131 1738 2178 perscribuntur,
1761 2140 1867 2178 prae-

194 2193 357 2234 terquam
381 2189 477 2235 quod
502 2190 570 2227 col.
585 2189 619 2225 11
637 2191 680 2224 36
704 2189 742 2224 in
766 2188 1067 2225 adnotatiuncula
1090 2187 1314 2225 interlineari
1336 2187 1496 2224 litteram
1520 2188 1741 2225 numerale-
1761 2196 1867 2224 usur-

194 2246 317 2290 patam
339 2244 551 2280 invenimus.
592 2244 765 2290 quocirca
787 2243 909 2280 nescio
933 2253 980 2279 an
1004 2254 1078 2280 nou
1101 2244 1200 2280 recte
1224 2242 1550 2281 administraverint:
1575 2244 1643 2282 col.
1669 2242 1704 2282 7
1718 2246 1749 2281 1.

308 2314 341 2354 5)
366 2310 422 2347 Cf.
446 2311 537 2348 Ken.
563 2313 586 2349 1.
604 2313 628 2348 l.
654 2323 689 2358 p.
706 2315 811 2359 28sq.
835 2316 891 2349 30.

309 2371 344 2411 θ)
368 2368 423 2405 ef.
448 2369 609 2406 Boeckh.
634 2370 783 2416 Encycl.
809 2381 845 2407 u.
871 2369 1068 2406 Methodol.
1092 2380 1127 2416 p.
1147 2372 1224 2406 741.

311 2440 345 2479 7)
369 2436 423 2473 Ct'.
447 2438 699 2475 Gardthausen
724 2439 748 2474 l.
773 2439 797 2475 l.
822 2450 857 2484 p.
875 2441 941 2475 270
954 2449 1026 2485 sq.;
1062 2438 1107 2475 de
1129 2438 1312 2486 Hyperide
1337 2438 1443 2475 Blass
1473 2450 1510 2486 p.
1535 2439 1607 2483 XI,
1646 2439 1692 2476 de
1719 2438 1866 2487 φορμ-ὴ

192 2493 225 2586 ξ
227 2493 363 2598 1ξὲἳοτὲ
383 2493 504 2587 1333·st
528 2495 712 2532 Wattenb.
736 2494 760 2531 l.
779 2495 803 2532 1.
828 2506 863 2541 p.
884 2499 943 2539 11,
975 2496 1022 2532 ct'.
1048 2495 1139 2532 Ken.
1164 2495 1229 2531 1.1.
1255 2506 1290 2541 p.
1308 2498 1364 2539 26,
1389 2495 1626 2533 wilanovitn
1650 2494 1866 2534 Manna

308 2623 340 2663 8)
366 2616 520 2658 ‘Versus
544 2620 581 2656 in
606 2620 747 2667 syllaba
770 2630 912 2667 semper
933 2621 1029 2658 finiri
1054 2621 1261 2659 Boeckhius
1285 2621 1422 2669 primus
1444 2616 1648 2669 perspexit'
1671 2619 1776 2658 ms-
1799 2619 1863 2657 1.1.

194 2688 228 2723 p.
242 2676 305 2712 xl.
339 2677 387 2714 es.
404 2677 497 2714 idem
514 2677 585 2714 Lit.
604 2677 799 2714 centralbl.
822 2680 993 2723 18851072,
1018 2678 1168 2715 Mulier-s
1185 2678 1329 2716 Handb.
1349 2679 1382 2715 d.
1401 2678 1449 2715 kl.
1466 2678 1540 2715 Ait.
1556 2678 1573 2714 1
1589 2688 1625 2724 p.
1640 2678 1719 2723 28⁸,
1741 2674 1865 2712 Land-

194 2733 289 2769 wehr
307 2734 451 2770 BPhW.
468 2734 583 2779 Vnum,
605 2734 791 2771 Wattenb.
810 2736 832 2770 l.
849 2735 870 2771 l.
887 2746 923 2781 p.
939 2738 1015 2771 118.
1055 2735 1160 2781 plura
1176 2735 1326 2781 praebet
1341 2734 1493 2781 Kenyon
1509 2734 1533 2771 1.
1550 2734 1575 2771 1.
1591 2745 1628 2781 p.
1646 2736 1707 2778 ³1.
1729 2731 1863 2780 plenis·

195 2790 285 2825 sima
307 2795 427 2827 autem
453 2791 605 2827 Cronert
627 2790 695 2836 Qu.
721 2792 818 2828 herc.
844 2803 878 2838 p.
901 2795 942 2828 14
955 2802 1045 2838 sqq„
1076 2792 1135 2828 cui
1157 2792 1265 2828 etiam
1287 2796 1373 2838 post
1395 2791 1601 2837 Gompersii
1623 2789 1863 2836 patrecinium

193 2845 390 2886 (Philodem
417 2858 453 2883 u.
480 2848 514 2883 d.
540 2848 635 2884 aeth.
660 2848 762 2884 Schr.
787 2859 822 2894 p.
840 2851 898 2892 26)
921 2858 1014 2895 quae
1037 2848 1076 2884 iu
1100 2846 1227 2884 Dielsii
1249 2856 1406 2884 censura
1427 2846 1512 2884 libri
1534 2846 1580 2883 de
1601 2849 1718 2883 morte
1741 2844 1862 2883 Philo-

196 2902 310 2938 demei
340 2912 362 2937 a
392 2913 447 2939 me
478 2904 564 2939 editi
587 2904 709 2946 (DLZ.
738 2907 836 2950 ¹886,
860 2915 897 2950 p.
915 2907 996 2948 515)
1027 2904 1125 2942 dicta
1155 2907 1242 2941 sunt
1274 2907 1354 2940 rata
1384 2912 1464 2940 esse
1493 2902 1649 2948 ingenue
1680 2901 1861 2939 concae:

194 2958 361 2995 undecies
390 2960 502 3004 enim,
535 2961 565 2996 si
595 2961 686 2997 bene
717 2961 895 2998 calculum
927 2961 1051 3007 posui,
1082 2962 1119 2998 in
1142 2971 1266 2998 errore
1289 2962 1452 2998 versatus
1474 2969 1593 2996 erann
1630 2958 1698 2996 eol.
1721 2958 1794 2996 xn
1818 2961 1861 2996 ⁸3
